3099 5409
1512 380 1950 444 ..mg-,-

501 597 622 662 pro
641 642 648 650 ,
667 574 890 641 dativo
935 573 1274 660 intellegit,
1323 575 1382 640 si
1429 569 1734 641 nondum
1780 574 1938 662 legit
1984 595 2251 640 versum
2296 575 2784 662 insequentem,
2834 578 2955 643 ubi
3023 587 3024 666 ξ

502 681 929 766 subsequitur
997 680 1246 746 «alite».
1297 680 1621 746 codicum.
1716 679 1847 745 Sed
1900 681 2103 746 talem
2150 683 2709 748 constructionem
2754 706 2953 766 nemo
3022 745 3025 794 Υ

503 789 778 874 scriptor
840 787 1118 859 Latinus
1190 807 1519 871 umquam
1594 785 1919 865 admisit;·
1964 807 2181 872 neque
2248 794 2422 852 recte
2491 796 2948 871 servareretur,
3022 819 3025 892 ἦ

500 895 820 962 traditum
875 921 901 953 ‹<
913 895 1101 960 alite»
1157 895 1213 959 si
1257 914 1691 973 servaremUS,
1742 895 2066 980 oppositio
2110 895 2281 960 inter
2310 895 2595 960 Varium
2641 903 2705 962 et
2744 897 2954 962 Hora·
3023 921 3024 974 j

499 1003 689 1067 tium,
719 995 724 1000 ’
767 1002 915 1068 Iam
951 999 1208 1068 accedit
1235 989 1583 1067 Prudentii
1627 1000 1796 1066 illud
1827 997 2225 1086 exemplum,
2276 1002 2455 1087 quod
2487 1001 2710 1068 firmat
2740 1011 2952 1069 muta-

501 1106 750 1192 tionem
796 1116 943 1173 tam=
980 1108 1200 1173 lenem
1248 1129 1453 1192 quam
1500 1107 1956 1172 necessariam.

906 1429 1270 1493 HoRAran.
2140 1427 2581 1494 PRUDENTIUS.

637 1533 752 1620 [R]
803 1534 990 1621 epod.
1040 1535 1193 1600 XII.
1246 1535 1360 1600 25:
1910 1533 2138 1599 Perist.
2188 1533 2271 1598 V.
2323 1535 2437 1599 42:

499 1640 556 1706 Ο
589 1663 708 1726 ego
754 1665 879 1708 non
907 1644 1080 1724 felix,
1129 1662 1332 1726 quem
1361 1647 1439 1707 tu
1469 1640 1665 1726 fugis,
1778 1639 2113 1720 Audesne,
2155 1652 2287 1733 'non
2329 1643 2503 1724 felix,
2553 1641 2661 1720 ait,
3022 1721 3025 1738 .

587 1753 665 1813 ut
708 1745 892 1834 pavit
937 1769 1118 1814 acres
1778 1737 1893 1811 Ius
1938 1747 2065 1815 hoc
2114 1746 2389 1814 deorum
2445 1769 2521 1813 ac
2568 1749 2941 1834 principum
3022 1745 3025 1782 ⁶

417 1893 423 1898 -
497 1853 694 1940 Agna
739 1854 932 1940 lupos
969 1875 1374 1940 capreaeque
1419 1853 1659 1918 leones.
1951 1851 2217 1918 Violare
2262 1855 2479 1920 verbis
2527 1855 2820 1940 asperis?
3019 1791 3025 1966 ἱ

679 1977 1016 2044 Charisius
1063 1986 1128 2044 et
1181 2000 1334 2064 pars
1381 1978 1697 2044 codicum.
1753 1978 2071 2043 exhibent
2115 1978 2376 2043 Horatii
2435 1979 2637 2044 verba
2692 1994 2768 2044 «o
2827 2001 2946 2064 ego

457 2083 790 2158 ·infelix>›‚.
873 2084 1068 2162 Quod
1113 2085 1442 2170 glossema
1487 2105 1629 2149 esse
1673 2083 1971 2149 lectionis
2018 2084 2459 2169 exquisitioris
2514 2105 2588 2149 «o
2639 2106 2758 2170 ego
2809 2108 2947 2150 non
3022 2063 3025 2128 5

497 2190 692 2255 felix»
762 2212 878 2276 per
947 2213 1016 2256 se
1081 2190 1270 2256 facile
1334 2191 1765 2276 intellegitur3
1832 2190 2035 2275 idque
2100 2191 2351 2256 firmari
2412 2192 2539 2256 hoc
2602 2191 2948 2258 Prudentii
3022 2145 3025 2238 i

502 2297 804 2384 exemplo
850 2298 1017 2364 vidit
1061 2298 1420 2364 Bentleius·.
3023 2319 3024 2378 y

1515 2461 1935 2468 -—-————

905 2560 1270 2648 Holz‘ATIUS.
1936 2639 1939 2650 ,
2139 2583 2582 2648 Panormus.

635 2712 687 2755 c.
738 2690 855 2755 III.
906 2691 1008 2756 27.
1062 2691 1178 2757 39:
1912 2687 2101 2754 Cath.
2151 2689 2269 2755 111.
2326 2691 2477 2755 140:
2754 2764 2759 2769 .

926 2796 1338 2881 Vigiliansne
1385 2795 1571 2883 ploro
1777 2796 1909 2863 Sed
1937 2796 2119 2862 Deus
2149 2798 2307 2882 ipse,
2342 2818 2575 2882 gerens
2600 2788 2941 2873 hominem
3022 2792 3025 2905 l

495 2902 716 2989 Turpe
807 2905 1217 2968 conmissum
1307 2922 1398 2969 an
1493 2906 1669 2969 vitiis
1778 2902 2253 2988 Corporeisque
2298 2926 2519 2970 carens
2566 2908 2757 2971 vitiis.
2870 2924 2872 2926 ’

587 3017 898 3075 carentem

841 3116 1046 3181 Ludit
1090 3117 1312 3203 imago

497 3222 740 3288 Vana‘?

670 3346 933 3413 Horatii
969 3367 1140 3431 quae
1171 3347 1476 3411 omnium
1507 3346 1814 3411 codicum
1860 3352 2021 3411 sunt
2064 3346 2267 3411 verba
2297 3346 2637 3421 Bentleius
2684 3356 2939 3414 mutare

493 3451 655 3532 vult,
707 3475 861 3518 cum
910 3452 1110 3517 dicat:
1170 3453 1633 3530 «Quibusnam
1682 3453 1951 3517 obsecro
1998 3453 2217 3518 vitiis‘?
2300 3452 2455 3517 Sine
2502 3453 2707 3519 dubio
2753 3455 2938 3519 corri-

493 3558 791 3644 gendum
837 3566 934 3624 est
965 3559 1142 3625 vitio.
1216 3559 1480 3625 Vitium
1518 3565 1618 3623 est
1649 3565 1975 3644 stuprum,
2024 3566 2101 3624 ut
2129 3560 2382 3645 passim
2414 3559 2596 3645 apud
2627 3560 2943 3626 Plautum

495 3672 560 3729 et
623 3665 1065 3731 Terentium.»
1165 3665 1295 3732 Sed
1350 3667 1500 3751 quis
1556 3665 1840 3731 tandem
1876 3666 2169 3751 probarit
2224 3674 2531 3752 stuprum
2579 3669 2941 3733 necessario

492 3771 1034 3857 intellegendum.
1075 3794 1242 3851 esse,
1309 3772 1460 3857 quis
1519 3771 1783 3837 solum?
1872 3772 2018 3848 Iam
2079 3773 2133 3837 si
2185 3773 2394 3857 ipsius
2438 3772 2698 3858 puellae
2742 3775 2939 3841 verba

492 3878 870 3963 respexeris,
921 3878 1110 3943 facile
1143 3878 1461 3943 concedes
1491 3899 1643 3942 meo
1679 3878 1819 3943 iure
1866 3898 1975 3943 me
2018 3878 2394 3964 intellegere
2432 3880 2634 3945 verbo
2686 3882 2931 3947 «vitiis»

491 3982 797 4048 relictum
843 3983 1014 4049 filiae
1060 4005 1334 4064 nomen,
1392 3985 1708 4070 pietatem
1754 3985 1974 4049 furore
2018 3985 2294 4064 victam;
2345 3985 2430 4051 ad
2480 4007 2651 4071 quae
2696 3988 2939 4073 optime

491 4089 770 4155 refertur
813 4091 1090 4176 pluralis
1133 4110 1471 4169 numerUS,
1524 4097 1601 4155 ut
1647 4090 1951 4156 omittam
1999 4112 2041 4156 a
2071 4091 2279 4177 poetis
2318 4092 2581 4177 saepius
2618 4092 2938 4177 pluralem

492 4218 614 4283 pro
645 4193 965 4282 singulari
1000 4198 1160 4283 poni
1204 4198 1277 4262 in
1321 4197 1539 4276 rebUS,
1592 4216 1877 4281 quarum
1925 4199 2107 4263 notio
2154 4206 2476 4284 augeatur
2518 4198 2626 4265 vel
2656 4220 2939 4283 quarum

493 4304 793 4387 singulae
867 4311 1083 4389 partes
1157 4304 1611 4390 respiciantur.
1736 4304 1942 4369 Velut
2016 4304 2197 4390 apud
2275 4303 2593 4370 Ovidium
2659 4305 2938 4391 legimus

491 4409 760 4475 Metam.
825 4411 910 4476 X.
979 4415 1130 4477 197:

1008 4518 1334 4604 videoque
1379 4526 1596 4599 tuum,
1644 4541 1793 4585 mea
1840 4520 2135 4601 crimina,
2186 4520 2451 4587 vulnus.
