3099 5409
1564 423 2039 487 *24—

977 620 1342 687 HonArms.
1915 615 1918 619 ’
2215 619 2654 685 Pmmnmms.

729 727 914 815 epod.
963 727 1048 794 V.
1099 728 1210 795 95:
1954 724 2143 790 Cath.
2192 726 2342 792 VII.
2393 729 2503 792 20:

583 836 673 901 Et
714 838 1012 920 inquietis
1041 833 1348 900 adsidens
1360 836 1761 915 praecordiis
1859 831 2277 919 Animusque
2346 836 2600 918 piqris
2642 841 2870 900 stertat
2954 838 3023 901 111

590 942 860 1010 Terrore
904 963 1174 1007 somnos
1219 940 1532 1008 auferam.
1836 972 1840 978 ·
1922 942 2352 1021 praecordiis,

2077 1044 2297 1132 (Quae
2372 1045 2694 1133 scriptura
2777 1046 3023 1113 codicis

1858 1154 2177 1219 Puteanei
2230 1153 2601 1239 recipienda
2648 1160 2746 1220 est
2792 1160 3025 1220 contra

1855 1261 2259 1348 reliquorum
2280 1260 2584 1327 codicum
2604 1261 3025 1348 scripturam,

1856 1368 1973 1452 qui
2033 1365 2378 1453 praebent:
2450 1368 2523 1436 in
2579 1366 3025 1456 praecordiis]

761 1493 956 1582 Pigra
1033 1501 1210 1559 certo
1275 1492 1549 1560 oonsilio
1611 1492 1897 1578 appellat
1958 1491 2358 1558 Prudentius
2432 1513 2660 1558 eorum
2728 1514 3025 1578 praecor-¹

585 1598 712 1680 dia,
763 1601 878 1686 qui
926 1599 1132 1665 animi
1178 1600 1460 1666 salutem
1506 1621 1645 1664 non
1692 1606 1940 1680 curent,
1982 1606 2067 1665 ut
2103 1600 2230 1666 hoc
2260 1598 2459 1666 verbo
2490 1598 2635 1665 illos
2666 1600 3025 1687 vituperet·

584 1706 767 1791 qu‘od⁸
815 1708 1066 1773 factum
1113 1728 1250 1772 non
1298 1714 1490 1787 esset,
1551 1708 1607 1772 si
1653 1706 1988 1794 epitheton
2034 1706 2120 1772 ab
2166 1706 2444 1772 Horatio
2491 1641 3027 1869 deprompsisseti

721 1871 774 1914 ρ.
823 1851 873 1916 1.
926 1850 1030 1914 24.
1081 1852 1149 1915 5:
1478 1830 1483 1839 ’
1715 1820 1722 1828 “
1992 1847 2181 1914 cath.
2232 1848 2317 1913 X.
2369 1850 2482 1915 60:

582 1956 761 2042 Ergo
786 1942 1184 2033 Quintilium
1194 1965 1541 2040 perpetuus
1565 1979 1748 2040 sopor
1854 1957 2022 2022 Fore
2051 1955 2353 2042 protinus
2400 1956 2625 2022 omnia
2669 1956 2839 2035 viva,

477 2056 482 2061 ’
597 2064 883 2148 Uryuet?
1436 2118 1442 2124 .
1855 2062 2040 2140 Quae
2070 2084 2254 2128 nuno
2279 2064 2525 2147 yelidus
2559 2086 2744 2148 sopor
2775 2075 3026 2150 urguet.

768 2207 1017 2272 Gentili
1079 2207 1352 2294 quidem
1386 2206 1694 2273 ·Horatio
1755 2212 2111 2293 perpetuus
2180 2212 2278 2271 est
2330 2228 2524 2293 sopor
2569 2212 3004 2272 ‘mortuorum

583 2337 750 2401 quos
781 2314 1179 2381 christianus
1224 2320 1418 2402 poeta
1449 2314 1607 2379 olim
1629 2314 1725 2379 ab
1755 2314 2484 2395 inferisresurreeturos
2531 2312 2765 2393 eredit;
2817 2336 3028 2404 quamj

585 2421 984 2488 sententiam
1030 2428 1105 2487 ut
1151 2421 1559 2506 exprimeret,
1610 2421 1840 2487 eodem
1886 2420 2206 2487 adie'etivo
2252 2426 2448 2505 atque
2493 2419 2813 2487 Horatius
2862 2423 3028 2487 usus

584 2551 723 2595 non
757 2535 871 2609 est,
923 2526 1040 2593 sed
1072 2528 1244 2593 facta
1271 2528 1640 2593 mutatione
1670 2526 2163 2613 quodammodo
2191 2527 2610 2613 impugnavit
2639 2526 3020 2595 Horatium.

720 2695 817 2760 ep.
867 2671 918 2740 I.
971 2674 1029 2738 3.
1081 2674 1151 2738 3:
1990 2670 2233 2758 Apoth.
2283 2671 2441 2737 428:

583 2771 929 2850 Thracane
973 2803 1091 2848 vos
1135 2782 1507 2864 Hebrusque
1552 2781 1754 2845 nivali
1858 2778 2141 2845 Laxavit
2196 2778 2325 2864 Sey
2309 2779 2538 2844 thicas
2584 2742 2787 2846 verbo
2834 2803 3023 2867 pene-

684 2892 948 2972 eonpede
992 2889 1253 2968 vinctas,
1420 2878 1423 2883 ¹
1946 2892 2161 2952 trante
2205 2886 2477 2972 pruinas

581 2998 692 3063 An
741 2998 907 3062 freta
939 2997 1190 3064 vicinas
1222 2996 1392 3061 inter
1424 2989 1751 3061 currentia
1857 2994 2017 3060 Vox
2127 2994 2507 3078 evangeliea
2528 3048 2541 3074 ,
2667 2995 3022 3081 Hyreanas

669 3109 900 3184 turreS,
1944 3122 2208 3187 quoque
2255 3101 2505 3168 fervida
2550 3102 2825 3168 brumas

582 3213 692 3277 An
754 3211 1022 3299 pinguis
1086 3211 1282 3276 Asiae
1346 3211 1565 3297 campi
1627 3208 1747 3274 ool·
1857 3209 2093 3289 Solvit,
2172 3213 2249 3274 ut
2303 3212 2558 3306 ‘exutus'
2616 3211 2819 3295 blacie
2899 3217 3022 3278 iam.

670 3319 898 3406 lesque
944 3317 1330 3385 morantur?
1948 3317 2193 3382 mollior
2239 3317 2455 3382 amnis

1856 3423 2192 3489 Caucasea
2238 3423 2320 3489 de
2367 3428 2508 3489 cote
2553 3425 2718 3490 fluat
2762 3426 3022 3492 Rhodo·

1944 3531 2133 3617 peius
2178 3533 2449 3598 Hebrus.

761 3654 1045 3742 Horatio
1110 3676 1381 3763 quidem
1445 3673 1714 3739 Hebrus
1779 3672 1982 3739 nivali
2042 3674 2336 3759 conpede
2394 3674 2658 3740 vinctus
2714 3677 2844 3756 est,
2918 3677 3023 3741 sed

585 3782 986 3848 Prudentius
1037 3783 1215 3849 videt
1260 3782 1426 3849 solvi
1471 3780 1749 3868 glaciem
1796 3786 1861 3844 et
1907 3779 2195 3845 molliter
2240 3781 2558 3847 fluentem
2605 3782 2912 3864 fluvium,
2976 3784 3024 3848 si

585 3913 717 3960 vox
762 3891 1140 3977 evangelica
1183 3888 1623 3977 penetraverit
1666 3908 1879 3974 usque
1922 3886 2008 3953 ad
2055 3887 2195 3953 eius
2240 3888 2432 3974 ripas

977 4050 1340 4118 HORATIUS.
2219 4049 2657 4116 PRUDENTIUS.

720 4181 772 4226 0.
822 4159 938 4225 III.
991 4161 1048 4224 2.
1106 4160 1212 4226 12:
1937 4155 2228 4242 P.syeh
2286 4159 2436 4222 110:

1021 4287 1220 4351 quem
1269 4268 1541 4330 cruenta
1859 4263 2031 4329 Eece
2078 4262 2376 4329 modesta
2419 4265 2606 4349 gravi
2652 4265 2877 4333 stabat
2918 4269 3025 4332 la-

593 4378 723 4444 Per
769 4377 1010 4442 medias
1053 4373 1226 4461 rapit
1269 4373 1366 4437 ira
1411 4373 1643 4438 caedes.
1950 4370 2182 4435 tientia
2225 4370 2437 4452 vultu,

1861 4479 1989 4543 Per
2033 4479 2274 4544 medzas
2302 4478 2558 4544 inmota
2589 4483 2755 4547 acies
2792 4483 3023 4548 varios-

1949 4605 2079 4670 que
2124 4586 2471 4652 tumultus,
