3099 5409
59 313 96 476 >Es-,³221
67 205 94 285 ··-‚,···
59 78 97 147 ‘J‘
88 1 107 4 ε

1087 403 1194 503 ,ὲ-
1291 407 1374 524 19
1461 495 1568 502 φ.-

414 680 416 682 ’
500 655 864 722 HORA'ran.
1273 653 1278 678 ⁸
1737 652 2176 717 Pnunnmms.

243 759 374 846 [K]
425 763 610 828 c.·II.
669 765 766 828 18.
825 763 931 826 14:
1517 759 1706 824 Cath.
1756 759 2158 829 V11.·216:··

47 935 49 938 Α
90 868 281 934 Satis
329 871 544 936 beatus
587 869 802 935 unicis
849 868 1131 937 Sabinis.
1383 866 1558 934 Satis
1617 869 1837 933 beatus.
1897 869 2179 956 quisque
2246 869 2549 936 dextram

1472 974 1759 1060 porrigit.

287 1083 437 1161 Quo
475 1083 618 1148 loco
653 1083 918 1148 Horatii
960 1083 1348 1169 interpretes
1379 1081 1661 1148 verbum
1714 1083 1947 1148 «satis»
1998 1083 2177 1150 varie
2222 1083 2549 1150 intellexe-

91 1195 284 1254 runt·
379 1189 757 1280 Madvigius
812 1195 1024 1276 putat
1085 1189 1476 1256 habendum
1541 1210 1682 1254 esse
1742 1211 1861 1275 pro
1926 1189 2215 1258 ablativo
2278 1191 2550 1278 pluralis

95 1298 374 1362 numeri
420 1297 820 1363 substantivi
873 1303 1130 1362 «satum
1176 1329 1265 1354 --.
1309 1295 1538 1369 Saat»;
1588 1294 1767 1381 quod
1794 1296 1967 1361 -ferri
2012 1281 2149 1362 non
2193 1303 2425 1384 potest,
2476 1303 2552 1362 ut

89 1404 590 1470 demonstravit
651 1403 977 1484 KellerUS,
1046 1401 1198 1488 qui*
1235 1403 1466 1468 «satis»
1521 1402 1913 1470 adverbium
1973 1410 2166 1490 putat
2224 1426 2345 1470 suo
2390 1405 2548 1470 iure.

89 1511 238 1576 Sed
273 1511 455 1596 quod
497 1511 656 1576 dicit
701 1531 850 1576 eam
881 1510 966 1576 ob
1000 1531 1270 1576 causam
1316 1509 1637 1600 Madvigii
1684 1501 2080 1576 sententiam
2119 1511 2355 1576 falsam
2388 1531 2549 1589 esse,

91 1618 296 1703 quod
363 1618 688 1683 minorem
756 1624 1014 1704 partem
1075 1616 1271 1682 fundi
1328 1615 1682 1681 Horatia-ni
1736 1623 1878 1682 sata
1924 1617 2126 1682 fuisse
2169 1615 2550 1703 putandum

91 1727 219 1804 sit,
291 1725 419 1790 hac
481 1747 550 1790 re
595 1723 763 1789 nihil
809 1724 1315 1803 demonstratur.
1409 1723 1516 1796 EX
1573 1722 1732 1808 ipsis
1797 1745 1950 1791 vero
2000 1723 2557 1810 praecedentibus

91 1831 330 1898 verbis
377 1830 638 1896 Horatii
684 1838 972 1917 apparet,
1029 1831 1264 1896 «satis»
1317 1829 1613 1897 adverbii
1659 1829 1801 1895 loco
1846 1831 2138 1917 positum
2187 1851 2359 1896 esse:

1391 1935 1489 2001 nil
1535 1958 1737 2022 supra
2329 1918 2337 1930 “

649 2045 822 2110 Deos
869 2045 1135 2123 lacesse,
1185 2065 1308 2109 nec
1351 2031 1691 2130 potentem
1737 2045 2031 2112 amicum

650 2151 963 2238 Largiora
1005 2151 1248 2236 flagito,

757 2258 928 2325 Satis
974 2258 1208 2323 beatus
1255 2258 1470 2323 unicis
1517 2257 1801 2324 Sabinis,

291 2383 604 2470 Largiora
635 2405 774 2449 non
819 2383 1091 2468 flagitat,
1142 2404 1296 2446 cum
1344 2383 1501 2448 satis
1547 2382 1609 2448 ei
1654 2383 1761 2447 sit·
1782 2383 2059 2448 unicum
2105 2381 2395 2471 fundum
2442 2381 2553 2448 Sa.-

93 2493 374 2556 binum.
471 2491 659 2568 Quae
706 2491 1032 2556 sententia
1077 2490 1290 2556 multo
1354 2490 1567 2576 magis
1614 2491 1923 2555 convenit
1968 2491 2255 2556 sermoni
2298 2490 2553 2576 poetico

93 2620 325 2684 quam
355 2597 800 2684 Madvigiana.
873 2597 1106 2682 Neque
1152 2597 1509 2682 quisquam
1558 2596 1859 2662 dubitare
1902 2602 2135 2682 potest,
2185 2597 2350 2684 quin
2395 2597 2552 2662 Pru-

95 2703 387 2770 dentius
427 2726 502 2769 eo
547 2704 710 2784 loc0,
760 2725 963 2789 quem
1009 2725 1210 2791 supra
1255 2703 1789 2783 commemoravi,
1840 2702 1957 2769 ubi
2010 2704 2244 2769 «satis»
2284 2703 2379 2769 nil
2425 2704 2555 2769 nisi

93 2811 510 2878 adverbium
575 2833 717 2877 esse
777 2817 1010 2898 potest,
1081 2810 1441 2876 Horatium
1497 2817 1763 2875 secutus
1810 2812 1910 2890 sit,
1974 2832 2129 2876 cum
2174 2812 2557 2897 praesertim

95 2918 394 2983 accedat
440 2916 802 2983 similitudo
849 2917 1078 2983 altera:

95 3045 298 3107 Deos
329 3042 596 3139 lacesso3
637 3062 760 3107 nec
780 3050 1095 3123 potentem
1131 3042 1288 3105 ami·
1395 3043 1578 3137 Inter
1610 3048 1893 3123 potentes
1938 3050 2136 3127 atque
2170 3062 2409 3127 egenos
2450 3039 2561 3105 du-

201 3170 372 3213 cum
1488 3170 1647 3213 cere.

299 3253 610 3339 Largiora
657 3254 898 3340 flagito.

520 3450 883 3515 HonArmS.
1757 3451 2199 3516 PRUDENTIUS.

256 3580 315 3623 c.
366 3558 483 3623 III.
535 3560 592 3623 8.
643 3561 715 3623 6:
1534 3558 1779 3644 Apoth.
1832 3560 1988 3624 350:

95 3668 462 3733 Voveram
525 3663 749 3730 dulces
804 3665 1032 3750 epulas
1098 3671 1164 3731 et
1207 3666 1293 3731 al-
1401 3665 1658 3730 Pascha
1690 3670 1883 3730 tuum
1916 3665 2039 3744 dic,
2090 3664 2213 3745 dic,
2264 3664 2451 3729 cuius
2484 3664 2565 3729 de

205 3774 386 3837 bum
563 3808 573 3814 ·
1381 3755 1392 3765 ⁶
1481 3772 1813 3857 ¹sanguine
1855 3758 2088 3855 festum
2195 3804 2207 3821 ·

97 3880 364 3946 Libero
395 3900 672 3959 capr-um,
719 3900 922 3965 prope
952 3880 1294 3945 funeratus
1402 3879 1572 3943 Tam
1620 3878 1981 3966 sollempne
2017 3879 2139 3945 tibi
2184 3879 2332 3943 est‘?
2394 3878 2561 3955 Quis

478 3985 746 4051 Arboris
790 3987 945 4051 ictu.
1491 3985 1765 4050 tandem
1811 3986 2105 4052 caeditur
2151 4007 2353 4069 aymus

93 4095 252 4161 Hic
306 4091 447 4155 dies
493 4100 664 4158 anno‘
705 4096 1001 4159 redeunte
1042 4097 1243 4176 festus
1403 4092 1797 4172 AnniculuS‚
1849 4114 2029 4158 sacer
2073 4091 2181 4156 ille
2225 4092 2351 4159 tibi'
2392 4094 2569 4157 rede·
2698 4096 2704 4105 '

95 4198 456 4268 Corticem
487 4198 877 4265 adstrictum
917 4200 1060 4285 pice
1093 4200 1295 4266 dimo·
1490 4201 1748 4265 antibus
1794 4202 2029 4265 annis?

202 4305 401 4376 vebit
469 4370 476 4373 .

94 4413 530 4502 Amphorae,
596 4414 863 4479 fumum
927 4412 1150 4478 bibere
1203 4413 1299 4478 in-

201 4522 489 4591 stitutae

435 4626 720 4692 Consule
765 4626 976 4692 Tullo.
