3099 5409
483 610 843 675 HonArnss.
886 669 889 676 .

220 1379 273 1422 ο.
331 1357 418 1422 Π.
471 1358 530 1420 2.
587 1358 667 1421 13
715 1378 856 1441 sqq.

174 1564 462 1655 hydrops

175 1783 402 1849 morbi

109 1891 376 1977 Fugerit
420 1894 594 1956 venis
640 1898 696 1956 et
741 1912 1012 1973 aquosus
1057 1891 1192 1955 albo

363 1996 649 2083 Corpore
693 1996 989 2082 languor.

226 2429 349 2489 sat.
402 2423 485 2489 H.
539 2426 596 2487 7.
649 2424 760 2489 86:

187 2646 379 2721 atque
424 2639 750 2703 rotundus.
810 2662 813 2667 ·

227 2855 350 2914 sat.
401 2849 486 2914 ΙΙ.
538 2851 595 2913 3.
648 2849 812 2914 325:

109 2956 278 3021 Mille
388 2955 796 3041 puellarum,

74 3127 76 3134 ,
185 3065 355 3128 ηιὶῐίε
396 3064 666 3143 furores,

908 2976 1264 3040 puerorum

72 3169 77 3241 Ι
231 3281 354 3341 sat.
404 3276 457 3340 Ι.
514 3277 567 3340 1.
621 3278 730 3341 22:

430 3403 647 3467 neque
694 3403 762 3449 se
807 3383 946 3451 fore
989 3384 1266 3469 posthac

106 3490 265 3552 Tam
339 3489 593 3571 facilem
674 3489 874 3568 dieat,
946 3491 1116 3558 votis
1190 3499 1268 3557 ut

174 3598 485 3679 praebeat
531 3622 751 3664 aurem
770 3604 806 3664 ,2

232 3709 354 3768 sat.
406 3704 455 3768 Ι.
508 3707 567 3769 6.
624 3707 730 3770 11:

108 3812 186 3876 Et
280 3810 550 3877 vixisse*
590 3812 830 3896 probos
904 3812 1142 3900 amplis
1212 3821 1267 3880 et

188 3918 529 3984 honoribus
574 3926 802 3984 aucto-3.

231 4137 353 4197 sat.
405 4131 456 4196 Ι.
512 4131 566 4194 1.
619 4133 678 4209 3,
736 4132 883 4196 109;

109 4239 472 4304 Contentus
512 4237 710 4316 vivat,
760 4237 988 4304 laudet
1018 4241 1269 4306 diversa

186 4346 557 4428 sequentes?

108 4452 182 4518 Se
225 4451 468 4539 probet
514 4471 590 4515 ac
636 4451 856 4535 potius
902 4451 1130 4518 laudet
1176 4453 1270 4518 di-

186 4582 370 4626 versa
418 4565 753 4641 sequentes.

285 1464 344 1529 it
431 1463 787 1549 indulgens
875 1464 1001 1529 sibi
1081 1464 1263 1529 dirus

104 1678 224 1742 Nee
310 1677 492 1742 sitim
569 1676 782 1761 pellit,
860 1677 990 1741 nisi
1066 1698 1265 1743 causa

108 2531 312 2596 Fortis
360 2536 426 2595 et
463 2530 536 2595 in
567 2551 637 2595 se
665 2530 808 2616 ipso
854 2536 1052 2609 totus,
1100 2535 1267 2595 teres

1066 416 1543 481 -35ffl

1723 612 2164 677 PRUDEN'rms

1364 718 1452 783 Et
1496 718 1823 805 deprensa
1868 724 2167 784 tremunt
2208 718 2533 803 languens

1453 845 1698 889 manus
1745 831 1810 889 et
1855 827 2019 891 color
2067 826 2295 891 albens,

1499 929 1687 996 Cath.
1739 930 1922 997 VIII.
1976 934 2087 997 28:

1369 1038 1551 1103 Neve
1598 1036 1927 1102 subducto
1974 1038 2209 1103 faeiem
2254 1037 2492 1105 rubore

1370 1145 1623 1209 Luteus
1654 1144 1869 1230 tingat
1915 1145 2093 1210 color
2123 1152 2241 1211 aut
2272 1153 2535 1213 notetur
2624 1153 2629 1162 “

1651 1263 1657 1276 ’
1703 1253 1922 1317 Pallor
1967 1256 2037 1317 in
2084 1275 2203 1319 ore.

1507 1356 1627 1445 [D]
1680 1356 1867 1423 Cath.
1898 1358 2101 1425 ·V111.
2153 1362 2266 1425 62:

1372 1462 1546 1549 Ergo
1580 1485 1665 1529 ne
1694 1464 1933 1529 limum
1961 1464 2255 1550 fragilem
2288 1464 2538 1529 solutae

1372 1677 1695 1743 Deserant
1739 1679 1908 1742 vires
1955 1687 2012 1744 et
2058 1701 2324 1761 aquosus
2378 1680 2539 1743 albis

1372 1892 1623 1957 Humor
1711 1893 1783 1955 in
1885 1893 2058 1956 venis
2162 1890 2541 1956 dominetur

1466 2034 1814 2043 ———

1504 2104 1732 2169 Perist.
1782 2104 1863 2170 Π.
1917 2105 2072 2169 239;

1373 2210 1675 2295 Hydrops
1720 2232 1992 2292 aquosus
2037 2208 2257 2274 luc-ido

1375 2316 1621 2382 Tendit
1664 2337 1920 2381 veneno
1965 2316 2380 2380 intrinsecus.
2441 2379 2448 2387 ,

1507 2422 1750 2509 Apoth.
1802 2424 1957 2488 210:

1376 2528 1541 2606 Quis
1590 2527 1674 2593 ad
1728 2529 2072 2594 arbitrium
2123 2528 2361 2613 sphera
2406 2548 2539 2592 mo-

1463 2635 1617 2701 bilis
1663 2645 1847 2721 atque
1893 2638 2171 2702 rotunda

1369 2743 1713 2811 Volvatur.
1763 2782 1853 2789 —-
1908 2781 1974 2788 —
2028 2781 2118 2789 ——-

1503 2849 1574 2916 C.
1624 2851 1687 2916 S.
1735 2852 1786 2916 I.
1836 2851 2045 2916 Praef.
2096 2852 2212 2916 63:

1369 2957 1508 3025 Vix
1576 2965 1774 3043 portu
1828 2956 2088 3043 placido
2144 2957 2311 3023 tuba
2356 2956 2535 3041 quie-

1458 3070 1661 3143 verat,

1369 3169 1630 3237 Victrix
1663 3169 1968 3237 edomitis
1996 3173 2163 3237 mille
2188 3172 2535 3253 furoribus.

1504 3275 1575 3341 O.
1627 3277 1693 3343 S.
1741 3279 1790 3343 Ι.
1844 3279 1958 3342 83;

1369 3490 1604 3556 infelix
1671 3494 1924 3574 facilem
2000 3513 2163 3578 gens
2237 3495 2539 3574 praebuit

1460 3620 1699 3663 aurem.

1376 3732 1382 3737 ⁷
1506 3702 1577 3768 O.
1628 3704 1690 3769 S.
1741 3706 1790 3770 Ι.
1843 3706 2000 3770 594:

1373 3809 1674 3874 Praemia
1765 3811 2088 3876 virtutum
2184 3811 2391 3877 titulis
2482 3819 2539 3877 et

1462 3918 1798 3983 honoribus
1845 3921 2017 3984 aucti

1374 4021 1605 4092 Ardua
1651 4025 2035 4090 rettulerint.

1466 4126 1534 4193 C.
1586 4128 1649 4193 S.
1699 4130 1781 4196 II.
1836 4133 1949 4195 87:

1377 4233 1506 4299 Sed
1588 4237 1706 4319 qui
1779 4237 1863 4301 sit
1934 4237 2280 4323 qualisque
2350 4237 2532 4317 deUS,

1467 4343 1717 4407 diversa
1761 4346 1956 4408 secuti

1378 4446 1793 4524 Quaerimus.
