3099 5409
1568 448 2043 510 *25*

1001 626 1368 705 HonArms.

730 762 849 821 sat.
899 756 984 820 Π.
1037 756 1097 819 4.
1149 758 1258 821 63:

597 864 721 928 Est
743 864 1278 945 operaepretium,
1313 860 1593 949 duplicis
1623 883 1757 949 per·

557 971 562 979 '
685 990 956 1034 noscere
999 968 1160 1035 iuris

595 1075 946 1163 Naturam.

737 1214 855 1273 sat.
903 1208 997 1273 IL
1039 1210 1097 1274 3.
1148 1210 1308 1274 274:

603 1312 832 1391 Quid?
879 1335 1034 1403 cum
1064 1314 1264 1383 balba
1307 1315 1459 1381 feris
1503 1326 1785 1382 annoso

679 1424 867 1489 verba
900 1424 1138 1504 palato,
1217 1494 1224 1501 ,

591 1527 1006 1593 Aedificante
1051 1548 1234 1595 casas
1280 1529 1398 1613 qui
1443 1528 1705 1595 sanior?

723 1667 841 1727 sat.
891 1661 941 1727 I.
993 1663 1050 1727 5.
1104 1664 1217 1729 87:
1391 1752 1396 1764 .

583 1982 888 2048 Mansuri
941 1982 1276 2069 oppidu10,
1325 1982 1510 2069 quod
1557 2004 1754 2050 versu

675 2092 882 2158 dicere
925 2114 1050 2157 uon
1096 2098 1202 2157 est.

547 2206 559 2215 ”
695 2208 822 2309 ep.
871 2224 956 2289 II.
1007 2227 1067 2289 2.
1116 2188 1234 2289 45':

589 2328 856 2395 Scilicet
919 2336 996 2394 ut
1056 2350 1318 2416 possem
1393 2350 1596 2395 curvo
1669 2328 1759 2394 di-

677 2456 989 2521 gnoscere
1033 2443 1288 2501 rectum

591 2543 817 2629 Atque
905 2544 1077 2609 inter
1167 2543 1366 2610 silvas
1438 2542 1761 2609 Academi

677 2673 975 2736 quaerere
1019 2672 1252 2718 verum.

727 2805 826 2871 ep.
871 2785 960 2850 Π.
1016 2785 1072 2850 1.
1125 2760 1278 2851 '1242
1736 2861 1747 2877 5

583 2890 855 2956 Militiae
945 2910 1362 2978 quamquam
1445 2892 1631 2980 piger
1697 2896 1761 2957 et

681 2997 920 3078 malus
969 2997 1147 3065 utilis
1191 3001 1355 3065 urbi.

723 3129 920 3218 [Son]
973 3133 1124 3198 e.‘I.
1175 3137 1234 3200 7.
1287 3135 1399 3200 31:

831 3260 1015 3304 nunc
1077 3239 1234 3306 vino
1283 3242 1492 3322 pellite
1537 3243 1760 3306 curas!

731 3371 920 3459 [Son]
972 3395 1070 3460 ep.
1118 3375 1170 3439 Ι.
1222 3376 1280 3440 3.
1332 3377 1399 3440 8;

589 3585 774 3652 Bella
819 3542 969 3672 quis
1017 3593 1080 3653 et
1124 3608 1319 3675 paces
1359 3589 1610 3673 lonyum
1642 3587 1757 3652 dif-

679 3693 902 3758 fundit
947 3697 1016 3759 in
1061 3697 1332 3760 aevum?

721 3848 817 3920 ep.
868 3827 951 3892 Π.
1005 3830 1062 3893 3.
1121 3830 1226 3893 10:

798 3933 1168 4000 Pictoribus
1215 3942 1414 4021 atque
1457 3937 1667 4023 poetis

589 4036 928 4114 Quidlibet
973 4032 1266 4108 audendi
1321 4064 1577 4129 semper
1630 4043 1759 4108 fuit

675 4168 877 4228 aequa
909 4155 1204 4229 potestas.

721 4279 907 4365 epod.
957 4281 1040 4346 H.
1090 4283 1203 4347 40:

588 4386 846 4464 Quodsi
903 4388 1147 4475 pudica
1209 4391 1446 4456 mulier
1496 4391 1571 4456 in
1614 4413 1753 4480 par-

673 4500 810 4560 tem
854 4495 1051 4563 iuvet.

584 4602 857 4668 Donum
907 4609 1107 4688 atque
1155 4605 1363 4670 dulces
1406 4607 1648 4674 liberos,

1848 824 1989 929 'Est
2052 882 2275 943 qperae
2323 862 2631 943 pretium,
2718 828 3041 924 nebulos

2232 630 2669 739 Pnunnmms

2001 754 2243 840 Apoth.
2296 754 2450 819 952:

1952 958 2281 1053 dogmatis
2326 966 2637 1032 umbram
2694 1058 2705 1065 „

1870 1073 2169 1141 Prodere.

1998 1207 2241 1294 Apoth.
2292 1208 2449 1273 980:

2718 1311 2995 1391 morde,

1865 1422 2017 1508 Ipse
2080 1426 2270 1486 tuam
2343 1420 2555 1485 lacero
2610 1401 3034 1485 'consumen

1928 1530 2142 1595 'verba
2176 1528 2413 1610 palato.

2002 1660 2202 1728 Ham.
2223 1733 2232 1739 x
2256 1662 2366 1725 82:

1871 1766 1979 1833 Ex
2030 1766 2325 1833 minimis
2372 1764 2485 1832 sed
2531 1766 2783 1853 grande
2831 1787 2983 1831 suu

1924 1874 2166 1959 ⁸voluit
2205 1881 2390 1961 pater
2432 1874 2573 1959 ipse

1870 1980 2251 2047 Coniectare
2288 1980 2610 2059 homineS‚
2660 1979 2919 2065 quibus
2958 2002 3045 2045 ar

1958 2088 2093 2155 dua
2136 2091 2334 2155 visere
2378 2110 2505 2155 uon
2549 2094 2657 2153 est.
2678 2137 2688 2149 .-

1998 2222 2201 2287 Ham'.
2253 2222 2361 2287 84:

1868 2546 1956 2611 Et
1997 2543 2193 2626 datur
2222 2542 2554 2608 occultum
2586 2562 2703 2628 per
2730 2542 3039 2627 proxim‘

1956 2674 2254 2736 quaerere
2296 2672 2531 2718 verum.

2001 2784 2071 2850 C.
2102 2783 2184 2850 'S.
2236 2785 2285 2849 I.
2336 2785 2497 2849 524:

1868 2894 2126 2962 Laurea
2200 2891 2463 2959 victoris
2537 2891 2735 2956 Marii
2809 2891 3033 2956 minu.

1953 3001 2131 3067 utilis
2173 3001 2338 3065 urbi.

2004 3132 2073 3198 G.
2125 3131 2188 3198 S.
2236 3132 2319 3197 Π.
2375 3131 2526 3196 124;

1876 3248 2166 3306 terrenas
2213 3239 2445 3326 animo·
2484 3239 2767 3322 depellite
2816 3263 3043 3308 curas.

2000 3375 2073 3440 O.
2124 3373 2188 3439 S.
2239 3374 2323 3439 Π.
2379 3375 2533 3440 167;

2500 3500 2623 3566 ego
2668 3485 2907 3548 eontra

1866 3587 2087 3674 Spem,
2150 3586 2329 3673 quod
2391 3591 2574 3653 extra
2634 3587 2851 3652 aciem
2910 3593 3025 3658 lon

1950 3717 2099 3780 qum
2145 3698 2443 3761 servatur
2486 3696 2557 3758 iu
2601 3700 2875 3762 aevum?

2000 3828 2069 3894 C.
2122 3827 2185 3894 S.
2233 3829 2317 3893 Π.
2368 3829 2524 3893 415:

2182 3956 2353 4020 quae
2399 3935 2611 4001 forma
2656 3935 2958 4020 placeret

1863 4043 2125 4129 Inperii,
2176 4063 2346 4128 quae
2390 4039 2714 4128 regnandi
2762 4043 2942 4110 foret

1953 4173 2155 4234 aequa
2188 4156 2484 4232 potestas.

1996 4282 2222 4349 Perist.
2274 4284 2356 4348 H.
2408 4283 2522 4348 84:

1862 4390 1951 4456 Et
1996 4411 2261 4457 summa
2306 4389 2518 4476 pietas
2566 4389 2858 4456 creditur

1860 4605 1925 4669 N
1924 4603 2128 4670 udare
2174 4603 2384 4670 dulces
2427 4605 2668 4670 liberos,
