3099 5409
1562 453 2095 515 ...4,,,.

689 644 802 731 [R]
855 666 906 710 c.
957 644 1007 710 I.
1060 646 1162 709 34.
1213 646 1287 709 5:
1586 642 1605 711 ’.
1837 656 1841 661 “
1938 645 2207 731 Ἀροῖ11.
2265 650 2461 713 1003:
2538 682 2544 691 ·

551 750 911 817 Consultus
949 772 1108 831 erro,
1158 752 1348 815 nunc
1373 759 1721 818 retrorsum
1828 750 2026 832 Quid,
2050 774 2205 821 cum
2226 754 2681 839 sanctiloquus
2699 757 3009 823 revoluto

551 858 718 926 Vela
765 858 919 924 dare
964 862 1165 942 atque
1208 856 1442 923 iterare
1489 880 1720 924 cursus
1914 860 2209 943 germine
2254 860 2471 927 Lucas

639 964 852 1051 Cogor
896 966 1164 1030 reiectos.
1523 1012 1532 1022 .
1824 964 2096 1031 Sursum
2198 988 2427 1033 versus
2518 970 2657 1053 agit
2738 970 3005 1046 seriem,

1918 1072 2277 1139 scandente
2324 1076 2580 1159 nepotis

1829 1178 2128 1266 Corpore,
2178 1200 2427 1265 perque
2474 1186 2701 1247 atavos
2738 1204 3011 1247 cursum

1916 1288 2213 1369 releyente
2256 1293 2551 1351 vetustos
2567 1288 2601 1351 *Ρ

727 1390 1184 1458 Controversia
1238 1393 1462 1457 exorta
1525 1399 1624 1457 est
1674 1392 1846 1457 inter
1890 1391 2265 1456 Bentleium
2314 1400 2389 1472 ,et
2442 1392 3004 1481 Peerlcampium,

549 1498 656 1563 cui
685 1498 937 1563 accedit
967 1496 1290 1576 KelleruS,
1338 1505 1568 1564 utrum
1596 1499 1853 1584 possint
1896 1498 2127 1563 referri
2148 1518 2362 1563 necne
2395 1498 2741 1564 Prudentii
2786 1502 3008 1567 verba

509 1604 637 1669 'ad
695 1602 1080 1684 Horatium,
1149 1626 1304 1669 cum
1357 1604 1619 1693 Horatii
1682 1618 1914 1671 omnes
1978 1604 2232 1671 codices
2298 1605 2656 1674 exhibeant
2718 1626 3005 1672 «cursus

550 1710 878 1789 relictos»;
946 1711 1061 1777 sed
1115 1711 1256 1776 Nic.
1314 1711 1635 1777 Heinsius
1700 1719 1764 1776 et
1826 1710 2165 1777 Bentleius
2230 1712 2648 1779 coniecerunt
2720 1734 3005 1778 «cursus
3051 1740 3052 1755 ¹

549 1818 882 1895 relectos»,
933 1839 1088 1883 cum
1133 1818 1242 1884 hic
1289 1818 1557 1884 diceret:
1615 1819 1895 1885 «Iterare
1939 1819 2165 1884 relicta
2209 1820 2436 1898 maria,
2485 1819 2777 1905 vestigia,
2826 1820 3000 1898 viaS,

417 2010 425 2018 .
551 1926 762 2012 spatia
803 1932 978 1991 recte
1041 1926 1313 2011 quidem
1361 1925 1628 1991 dixeris:
1697 1945 1928 1992 cursus
1974 1932 2220 2004 autem,
2288 1948 2442 1991 cum
2496 1947 2634 1990 non
2686 1927 2832 2011 ipsa
2887 1927 3008 1991 via

551 2034 636 2098 sit
651 2087 665 2114 ,
724 2032 839 2097 sed
901 2054 1020 2119 per
1079 2032 1258 2099 viam
1322 2032 1621 2098 decursio
1636 2086 1649 2112 ,
1711 2054 1851 2097 non
1918 2032 2157 2097 dixeris
2220 2050 2451 2125 eursus
2508 2032 2766 2097 relictos
2784 2086 2797 2111 ,
2876 2033 3004 2097 sed
3051 2048 3052 2053 ’

548 2140 955 2204 intermissos
968 2164 1018 2203 ».
1102 2140 1438 2204 Firmatur
1481 2138 1740 2203 Bentlei
1794 2139 2166 2204 coniectura
2214 2160 2316 2218 ee,
2386 2137 2567 2222 quod
2611 2139 2683 2203 in
2728 2138 3005 2203 Horatii
3051 2144 3052 2151 ’

550 2245 885 2312 codicibus
949 2244 1161 2309 haud·
1195 2265 1342 2309 raro
1399 2245 1659 2312 litterae
1720 2245 1757 2309 Ι
1817 2251 1882 2309 et
1942 2235 2024 2308 E*
2064 2244 2601 2325 confunduntur,
2680 2251 2745 2309 et
2809 2245 3001 2329 quod
3051 2306 3052 2315 ,

556 2352 898 2417 «relectos»
953 2351 1275 2437 scriptura
1321 2358 1419 2417 est
1464 2352 1676 2415 multo
1724 2351 2123 2437 exquisitior.
2209 2351 2333 2416 Per
2376 2351 2710 2436 prolepsin
2756 2372 2999 2416 cursus

482 2527 492 2537 ,
547 2459 768 2524 relecti
813 2458 1143 2537 dicuntur,
1193 2459 1310 2543 qui
1353 2458 1689 2543 relegendi
1735 2463 1910 2523 sunt.
1992 2456 2331 2521 Facillime
2374 2456 2517 2521 fieri
2551 2458 2863 2543 potuisse,
2916 2466 3002 2523 ut

545 2566 761 2652 ipsam
832 2565 1007 2629 hanc
1079 2566 1570 2650 exquisitiorem
1652 2564 2044 2650 scripturam
2123 2585 2277 2628 cum
2350 2585 2489 2632 non
2561 2563 2995 2649 intellegeret,
3051 2612 3052 2619 1

547 2678 834 2741 mutaret
886 2671 1191 2738 librarius
1245 2672 1318 2736 in
1371 2672 1653 2738 verbum
1704 2672 1936 2737 tritum
1990 2670 2427 2756 relinquendi,
2494 2678 2767 2757 apparet
2811 2671 2995 2752 inde,

551 2778 730 2864 quod
774 2781 843 2844 in
891 2779 1036 2846 loco
1083 2779 1376 2864 quodam
1423 2779 1646 2846 Ovidii
1691 2779 1958 2844 Metam.
2008 2778 2193 2844 V·III.
2255 2780 2406 2844 172:

727 2885 948 2971 thue
995 2907 1117 2972 ope
1161 2887 1458 2971 virginea
1501 2885 1703 2951 nullis
1749 2886 1981 2950 iterata
2024 2887 2320 2971 priorum

723 2993 938 3058 Ianua
983 2992 1266 3058 difficilis
1307 2995 1414 3075 filo
1461 2999 1561 3058 est
1603 2994 1877 3059 inventa
1921 2995 2167 3071 relect0‚

545 3101 851 3166 codicum
895 3122 1048 3186 pars
1089 3102 1314 3186 ipsum
1345 3101 1512 3166 illud
1553 3101 1848 3166 «relicto»
1888 3101 2054 3166 falso
2083 3099 2370 3186 praebet.
2450 3099 2587 3164 Nec
2619 3099 2985 3184 quisquam

549 3206 737 3272 facile
770 3207 1024 3286 dixerit,
1074 3207 1409 3293 quomodo
1447 3207 1916 3293 explicandum
1964 3213 2149 3286 esset,
2200 3205 2381 3290 quod
2425 3204 2827 3269 Prudentius
2876 3205 2993 3270 illo

552 3315 712 3392 loce,
753 3313 871 3400 qui
916 3315 1058 3378 sine
1104 3314 1307 3379 dubio
1338 3314 1693 3379 Horatium
1741 3312 2005 3393 redolet,
2054 3313 2255 3380 verbo
2284 3311 2617 3398 relegendi
2645 3316 2827 3376 'usus
2869 3320 2989 3377 est.

550 3421 837 3506 Cogitari
917 3443 1076 3486 sane
1139 3427 1356 3506 potest
1431 3442 1587 3486 eum
1656 3420 1930 3505 Vergilii
1992 3418 2373 3505 exemplum
2438 3425 2743 3483 secutum
2824 3439 2986 3498 esse,

548 3528 728 3612 quod
777 3534 990 3594 exstat
1035 3527 1199 3592 Aen.
1249 3528 1366 3594 ΙΙΙ.
1418 3529 1577 3593 690:

953 3634 1140 3700 Talia
1184 3634 1601 3700 monstrabat
1646 3637 1916 3717 releyens
1969 3641 2181 3698 errata
2228 3640 2574 3698 retrorsum

957 3741 1209 3805 Littera
1253 3741 1797 3808 Achaemenides.

725 3848 902 3912 Nam
947 3848 1254 3932 quamvis
1299 3845 1408 3912 ille
1451 3847 1635 3913 locus
1666 3846 1937 3933 Vergilii
1987 3846 2430 3932 suspicionem
2460 3843 2987 3930 interpolationis

548 3961 830 4034 moveat,
879 3961 1107 4020 tamen
1149 3953 1291 4020 fieri
1335 3956 1571 4040 potuit,
1628 3962 1706 4019 ut
1748 3954 2092 4020 Prudentii
2155 3960 2382 4018 aetate
2411 3953 2547 4017 iam
2592 3952 2665 4016 in
2709 3951 2990 4037 Vergilii

549 4069 736 4128 textu
781 4062 1119 4147 legeretur.
1209 4060 1406 4138 Quod
1452 4061 1710 4126 etiamsi
1756 4061 2010 4127 factum
2056 4082 2197 4126 esse
2243 4059 2709 4137 concedamuS,
2757 4065 2988 4124 tamen
3051 4067 3052 4116 3

551 4169 782 4234 eodem
829 4167 960 4234 fere
1004 4190 1108 4234 res
1152 4167 1336 4247 redit,
1389 4190 1543 4234 cum
1589 4169 1703 4236 vix
1734 4168 2017 4234 dubium
2064 4188 2203 4231 esse
2248 4166 2471 4252 possit,
2522 4165 2687 4251 quin
2726 4185 2809 4229 ex
2846 4166 2992 4250 ipsa
3051 4209 3052 4218 1

547 4277 913 4341 imitatione
943 4276 1205 4341 Horatii
1234 4277 1419 4342 locus
1457 4278 1721 4363 spurius
1752 4276 1836 4342 ab
1876 4275 2339 4360 interpolatore
2385 4273 2837 4339 conformatus
2885 4274 2985 4337 sit.
3051 4309 3052 4320 1

551 4384 736 4461 Quae
768 4405 925 4448 cum
955 4384 1053 4449 ita
1099 4384 1249 4463 sint,
1298 4384 1707 4470 Peerlcampi
1750 4390 1815 4448 et
1858 4382 2106 4448 Kelleri
2150 4381 2559 4467 argumentis
2604 4379 2773 4445 nihil
2802 4378 2987 4444 aluid

551 4489 988 4566 demonstrari
1015 4497 1179 4575 puto
1225 4511 1430 4575 quam
1482 4510 1753 4556 «cursus
1797 4490 2092 4557 relictos>
2147 4488 2422 4554 fortasse
2467 4485 2731 4552 defendi
2762 4485 2985 4571 aliquo

549 4598 748 4663 modo
791 4618 1004 4685 posse,
1052 4619 1270 4682 neque
1315 4605 1541 4663 tamen
1588 4598 1674 4664 ab
1722 4620 1949 4665 eorum
1993 4596 2293 4683 partibus
2340 4593 2657 4660 standum
2703 4614 2859 4658 esse.
