3099 5409
20 1577 81 1606 Ι

965 645 1328 712 ΗοΒΑΤΙυει

569 787 773 874 Illum
795 788 851 853 si
871 790 1136 876 proprio
1161 788 1462 855 condidit
1486 788 1738 870 horre0‚

537 893 935 979 Quidquid
989 895 1070 962 de
1133 896 1399 981 Libycis
1461 895 1745 962 verritur

659 1021 844 1068 areis.

569 1091 820 1172 Multos
875 1116 1091 1174 castra
1151 1109 1390 1175 iuvant
1421 1110 1514 1176 'et
1576 1107 1741 1173 lituo

659 1197 863 1278 tubae

569 1305 947 1390 Permixtus
981 1321 1237 1385 sonitus
1269 1320 1576 1405 bellaque
1605 1331 1739 1384 ma·

659 1425 873 1492 tribus

569 1531 909 1598 Detestata
954 1570 1039 1580 -—-
1085 1571 1174 1578 --
1217 1571 1306 1580 --

706 1705 759 1748 c.
810 1683 927 1750 111.
984 1686 1084 1750 18.
1140 1686 1251 1749 13-;

527 1879 532 1888 .
569 1793 752 1858 Inter
783 1794 1054 1858 audaces
1085 1795 1277 1875 lupus
1313 1799 1488 1858 errat
1523 1811 1732 1875 ayne&

656 2207 660 2215 .
701 2175 754 2218 c.
804 2154 920 2219 III.
972 2155 1031 2218 3.
1087 2155 1167 2218 13
1187 2176 1216 2236 ε,

566 2259 635 2324 Η
640 2279 717 2324 ac
747 2265 814 2324 te
833 2267 1215 2340 merentem,
1251 2259 1510 2325 Bacche
1528 2263 1732 2345 pater,

654 2373 811 2432 tuae

567 2473 634 2537 V
638 2494 829 2538 exere
891 2476 1100 2558 {dyo-(³3,
1182 2475 1442 2540 indocili
1513 2475 1735 2557 ‘layum

665 2581 828 2647 Collo
876 2579 1207 2646 trahentes,

703 2738 820 2797 sat.
872 2732 954 2797 Il.
1007 2734 1066 2797 2.
1119 2731 1199 2797 77
1223 2753 1400 2816 sqq.:

815 2838 998 2915 Quin
1043 2860 1280 2923 corpus
1326 2842 1645 2902 onustum

565 2943 913 3009 Hesternis
943 2944 1118 3010 vitiis
1141 2944 1445 3007 animum
1469 2963 1737 3029 quoque

656 3055 1046 3135 praegravat
1090 3069 1243 3127 una,

565 3155 792 3242 Atque
879 3155 1111 3241 adfigit
1187 3155 1396 3220 humo
1471 3152 1737 3221 divinae

653 3261 1049 3347 particulam
1095 3282 1312 3327 aurae.

2204 642 2645 709 PRUDEN'rms,

1981 1681 2168 1746 Cath.
2218 1681 2337 1747 ΠΙ.
2394 1682 2554 1747 158:

1846 1789 2225 1870 Impavidas
2268 1790 2459 1870 lupus
2504 1791 2670 1854 inter
2716 1810 2855 1855 oves·

1856 1898 2087 1962 Tristis
2131 1896 2485 1962 obambulat
2530 1901 2595 1960 et
2639 1893 2961 1960 rabidum
3075 1957 3076 1980 ἦ

1845 2000 2203 2088 Sanguinis
2233 2002 2563 2066 inmemor
2608 2022 2681 2068 os
2727 2001 3025 2066 cohibet.
3074 1985 3077 1998 ⁶

1978 2150 2166 2216 Cath.
2216 2151 2333 2216 III.
2390 2153 2549 2216 170:

1842 2255 2080 2344 Agnus
2122 2256 2308 2322 hiare
2353 2256 2595 2342 lupum
2636 2256 2954 2342 prohibes

1842 2365 1973 2432 Sub
2028 2365 2181 2448 iuya
2238 2365 2493 2446 timidis
2538 2385 2652 2430 ora
2687 2387 3026 2446 premens.

1978 2729 2165 2795 Cath.
2216 2728 2332 2794 IV.
2384 2730 2467 2795 28
2490 2751 2671 2814 sqq.:

1844 2835 1975 2901 Sed
2030 2856 2116 2900 ne
2174 2835 2443 2921 crapula
2489 2835 2737 2901 ferveat
2782 2856 3037 2903 caven-

1935 2940 2099 3006 dum
2146 2948 2263 3020 est,
3077 2940 3078 2945 ’

1844 3046 2033 3124 Quae
2064 3048 2288 3113 sedem
2318 3046 2479 3113 fidei
2512 3047 2675 3115 cibis
2704 3050 3043 3115 refertam
3077 3056 3078 3059 ’

1842 3152 2074 3239 Usque
2148 3154 2235 3219 ad
2312 3156 2684 3240 congeriem
2764 3164 3043 3221 coartet

1932 3262 2133 3327 intus.

1776 3445 1781 3450 ,
1842 3368 2072 3435 Parvis
2116 3368 2401 3435 victibus
2462 3367 2769 3453 expedita
2814 3368 3043 3435 corda

1702 3540 1709 3547 ,
1843 3474 2154 3544 Infusum
2173 3474 2411 3541 melius
2431 3474 2632 3539 deum
2650 3481 3041 3561 receptant.

707 3647 760 3690 c.
810 3626 860 3690 Ι.
912 3628 971 3691 2.
1029 3628 1108 3691 13
1133 3648 1304 3712 sqq.:

571 3731 885 3797 Vidimus
905 3732 1156 3799 flavum
1167 3732 1458 3797 Tiberim
1477 3734 1737 3799 retortis

567 3838 790 3903 Litore
835 3838 1114 3903 Etrusco
1160 3841 1455 3905 violenter
1499 3839 1702 3905 undis

567 3945 671 4010 Ire
717 3945 1046 4009 deiectum
1090 3952 1525 4011 monumenta
1566 3946 1737 4031 regis

657 4052 1066 4137 Templaque
1111 4050 1372 4131 Vestae,

567 4158 728 4223 Iliae
774 4158 939 4223 dum
987 4180 1055 4223 se
1101 4158 1386 4223 nimium
1435 4158 1735 4242 querenti

566 4265 778 4329 Iactat
806 4265 1108 4345 ultorem,
1143 4286 1337 4348 vayus
1369 4270 1434 4329 et
1472 4264 1737 4329 sinistra

567 4370 845 4436 Labitur
874 4374 1022 4453 ripa
1049 4371 1208 4438 Iove
1239 4390 1375 4435 non
1412 4367 1735 4457 probante

1576 4497 1646 4541 u.

653 4585 880 4649 xorius
925 4584 1161 4651 amnis.

1975 3623 2177 3690 Ham.
2228 3626 2354 3690 241
2384 3624 2451 3689 ff.
2480 3648 2491 3690 :

1842 3732 2037 3797 Parte
2086 3730 2217 3802 alia
2277 3734 2579 3797 violentus
2642 3731 2834 3816 aquis
2890 3742 3049 3799 tor-

1812 3840 1820 3851 '
1930 3837 2230 3902 rentibus
2275 3837 2494 3902 amnis

1845 3943 2159 4009 Transilit
2240 3942 2529 4011 obiectas
2611 3946 3055 4032 praescripta

1928 4050 2245 4135 repagula
2290 4052 2491 4132 ripam,

1842 4157 1931 4222 Et
1959 4179 2154 4241 vayus
2186 4157 2425 4223 eversis
2466 4157 2598 4222 late
2629 4157 3057 4228 dominatur

1928 4264 2001 4329 in
2048 4264 2238 4349 agris,
