3099 5409
1549 380 2026 509 ...144

569 641 868 707 imitatus
916 641 1025 719 sit,
1091 638 1366 707 minime
1411 617 1861 705 dubitandum
1876 662 1905 718 z,
1954 662 2115 707 nam
2168 641 2304 707 iam
2366 640 2542 706 illius
2597 638 3001 725 temporibus

571 770 729 815 cum
775 746 1067 813 multum
1112 753 1453 833 corruptae
1511 746 1758 813 fuerint
1802 746 2208 832 syllabarum
2268 748 2699 833 quantitateS,
2766 752 2831 811 et
2890 720 3018 827 ini-i

572 861 911 921 muta-tum
941 854 1154 939 legere
1183 854 1401 939 potuit
1431 853 1693 919 Horatii
1722 874 1988 919 versum
2034 861 2098 923 et
2142 854 2227 921 ad
2274 876 2435 921 suae
2480 855 2711 921 aetatis
2756 872 3007 917 morem

571 964 712 1049 ipse
756 980 1075 1029 revocare.
1807 946 1814 954 ’
1998 974 2005 980 ·
2137 1016 2138 1020 ,
2684 960 2687 967 ’
3018 962 3021 1053 j

1582 1088 1663 1095 ...w
1680 1088 2005 1095 ..-.-....-.—„.
3018 1058 3020 1147 ¹

980 1138 1342 1207 HonArms.
2211 1138 2651 1211 Pmmnmms.

715 1244 907 1331 [Son]
959 1267 1012 1310 c.
1062 1245 1112 1310 I.
1164 1248 1223 1311 3.
1276 1248 1387 1311 26:
1984 1244 2055 1310 C.
2106 1245 2169 1311 S.
2218 1246 2268 1311 I.
2326 1248 2478 1317 173:

574 1352 821 1419 Audax
865 1353 1092 1419 omnia
1133 1353 1385 1439 perpeti
1848 1352 1978 1419 Sed
1996 1352 2231 1419 Venus
2264 1362 2547 1439 augusto
2580 1351 2662 1417 de
2690 1350 3011 1437 sanguine

577 1458 757 1525 Gens
801 1458 1104 1524 humana
1147 1461 1282 1523 ruit
1315 1480 1439 1541 per
1483 1462 1740 1525 vetitum
1936 1460 2187 1526 femina
2228 1458 2344 1524 vili
3020 1393 3023 1549 i

663 1568 858 1648 nefas.
1847 1567 2244 1653 Privatoque
2332 1566 2472 1631 viro
2562 1568 2819 1631 vetitum
2894 1586 3015 1647 per

1938 1675 2203 1739 dedecus
2247 1672 2479 1757 haesit.

753 1795 954 1881 Apud
1002 1795 1360 1863 Horatium
1410 1795 1785 1883 complures
1838 1797 2261 1865 offenderunt
2314 1798 2386 1863 in
2430 1797 2649 1863 verbis
2704 1796 3024 1869 «vetitum

576 1902 800 1968 nefas»
872 1908 937 1967 et
989 1903 1038 1967 I.
1088 1903 1471 1971 Bartschius
1525 1904 1867 1991 proposuit
1913 1904 2381 1970 mutationem:
2455 1913 2887 1989 «perpetuum
2949 1890 3024 1965 in¹

577 2010 828 2077 nefas».
901 2006 1049 2085 Qua
1074 2010 1440 2074 mutatione
1473 2016 1642 2074 esset
1672 2008 1895 2089 lenior,
1930 2011 1987 2075 si
2017 2008 2360 2075 Prudentii
2390 2010 2618 2074 Perist.
2642 2000 2831 2075 XIV.
2867 2006 3024 2074 1035

1182 2133 1457 2219 Argenti
1503 2141 1570 2198 et
1614 2134 1759 2199 auri
1803 2135 1943 2201 vim
1988 2133 2220 2202 rabida
2266 2136 2374 2229 siti

1183 2238 1454 2307 Cunctis
1493 2230 1785 2327 ⁸petitum
1817 2262 1943 2322 per
1988 2244 2241 2311 varium
2280 2244 2483 2323 nefaS,
3024 2256 3027 2369 ¹

581 2364 669 2431 ad
713 2364 975 2431 Horatii
1021 2360 1404 2432 contextum
1452 2366 1545 2430 sic
1590 2384 1955 2430 revocares:
2614 2384 2619 2393 '
3024 2370 3026 2435 1

1097 2480 1276 2548 Gens
1321 2480 1625 2551 humana
1668 2481 1801 2547 ruit
1834 2503 1959 2563 per
2004 2483 2257 2545 rao-ium
2300 2484 2497 2563 nefa&
3024 2470 3026 2475 ’

762 2604 892 2670 Sed
935 2605 1112 2690 prior
1156 2604 1266 2671 ille
1312 2604 1659 2670 Prudentii
1720 2605 1904 2673 loc-us
1949 2602 2265 2671 traditam
2309 2604 2571 2670 Horatii
2632 2603 3021 2688 scripturam

583 2712 822 2777 firmat*
849 2734 1065 2798 neque
1110 2714 1322 2798 magis
1367 2712 1761 2781 tribuendus
1816 2719 1917 2777 est
1960 2733 2188 2777 versus
2232 2711 2693 2796 grammati00‚
2752 2716 2836 2775 ut
2890 2689 3029 2810 vulti⁴

585 2817 1096 2904 Peerlcampius;
1147 2841 1306 2884 nam
1352 2819 1716 2884 locutiones
1763 2819 2041 2884 vetitum
2088 2817 2275 2882 nefas
2322 2823 2386 2882 et
2415 2818 2693 2884 vetitum
2737 2817 3028 2902 dedecus}

583 2927 882 3012 proxime
929 2948 1068 2992 sese
1114 2928 1433 3012 attingere
1487 2925 1677 2990 facile
1722 2946 1952 2990 omnes
2000 2922 2378 2989 concedent.
2473 2923 2821 2988 Praeterea
2887 2945 3025 2988 con·

586 3032 900 3098 ferendus
955 3039 1054 3098 est
1107 3033 1290 3098 locus
1336 3031 1534 3096 Prud.
1584 3031 1810 3097 Perist.
1864 3029 1947 3094 X.
1999 3031 2155 3095 515:

1121 3147 1351 3213 Carnis
1396 3147 1701 3232 voluptas
1748 3169 1924 3212 omne
1958 3168 2081 3227 per
2122 3147 2307 3228 nefas
2352 3129 2503 3210 ruit.

996 3397 1360 3464 HORATIL'S.
2226 3394 2666 3458 PRUDEN'rms.

725 3503 839 3591 [R]
892 3525 944 3570 c.
994 3504 1044 3569 I.
1096 3507 1155 3568 3.
1211 3507 1318 3570 19:
1407 3494 1415 3504 ’
1990 3499 2214 3564 Perist.
2267 3499 2349 3563 V.
2402 3500 2558 3563 475:

589 3613 806 3690 Quem
854 3611 1084 3676 mortis
1130 3610 1356 3676 timuit
1399 3609 1701 3695 gradum,
1865 3605 2051 3683 Quae
2098 3607 2423 3690 tumidum
2470 3603 2817 3690 quondam
2866 3629 3028 3669 mare

591 3719 724 3796 Qui
778 3719 965 3783 siccis
1022 3717 1227 3782 oculis
1291 3723 1589 3781 monstra
1646 3735 1755 3779 na·
1866 3711 2225 3777 Gradiente
2248 3711 2534 3777 Christo
2578 3719 2921 3778 straverat.

675 3826 906 3903 tantia,

589 3931 723 4010 Qui
767 3931 934 3997 vidit
979 3953 1154 3996 mare
1200 3931 1524 4013 tumidum
1571 3934 1636 3992 et

591 4037 880 4102 Infames
896 4036 1216 4122 scopulos
1231 4033 1757 4100 Acroceraunia?

764 4161 1120 4239 BentleiUS‚
1172 4159 1288 4244 qui
1335 4159 1521 4226 novit
1566 4157 1911 4224 Prudentii
1955 4178 2240 4235 versum,
2290 4155 2602 4241 praetulit
2655 4179 2877 4222 «mare
2910 4165 3029 4222 tur-

586 4268 886 4346 bidum»,
937 4289 1092 4332 cum
1137 4266 1369 4331 fortius
1415 4265 1755 4350 epitheton
1800 4271 1988 4343 esset,
2037 4270 2102 4329 et
2134 4263 2480 4344 dubitavi-t,
2530 4283 2619 4327 an
2648 4263 2834 4348 apud
2881 4264 3028 4328 Pru-

587 4375 889 4442 dentium
937 4395 1203 4460 quoque
1246 4372 1707 4458 reponendum
1754 4377 1940 4450 esset,
2009 4370 2190 4455 quod
2234 4370 2449 4436 multo
2492 4369 2687 4455 plura
2731 4372 3028 4457 exempla

587 4492 931 4569 poetarum
989 4482 1115 4547 hoc
1171 4481 1436 4544 firment
1481 4500 1688 4565 quam
1730 4478 1916 4544 illud.
2010 4477 2272 4544 Horatii
2326 4476 2582 4542 codices
2636 4478 2779 4562 pari
2834 4477 3029 4542 modo

587 4597 653 4654 et
681 4591 808 4655 hoc
841 4596 906 4654 et
943 4588 1113 4654 illud
1142 4594 1439 4665 tuentur;
1490 4595 1747 4673 praeter
1775 4584 2216 4664 Prudentium
2247 4583 2546 4650 Avienus
2588 4584 2766 4650 solus
2800 4584 3028 4650 eodem

1021 5009 1148 5344 R
