3099 5409
1519 433 1999 508 —40-—

928 638 1292 705 HonArmS.
1837 620 1848 625 ³
2092 635 2094 637 ’
2170 638 2609 705 PRUDENTIUS.

670 766 721 809 e.
773 745 822 809 Ι.
879 746 976 809 10.
1033 747 1141 811 1οτ
1232 747 1241 763 ‘
1943 742 2143 808 Ham.
2196 745 2354 808 947:

537 851 648 930 Te,
696 850 898 917 boves
931 850 1103 928 ⁸olim
1148 849 1278 915 nisi
1307 849 1702 916 reddidisses
1810 850 1910 913 Ne
1948 855 2173 915 cernat
2200 848 2654 914 truculentum
2685 847 3023 933 aliquem

537 958 662 1022 Per
752 955 1000 1022 dolum*
1057 962 1339 1038 amotaS,
1418 977 1703 1043 puerum
1899 956 1981 1022 de
2023 962 2219 1043 gente
2262 956 2617 1035 latronum,

625 1066 864 1129 min-aci
1808 1063 2141 1144 Inmiteni,
2187 1062 2515 1143 rabidum,
2551 1063 2882 1150 vultuque
2920 1070 3013 1128 et

551 1173 704 1237 Voce
723 1170 888 1235 dum
907 1178 1114 1249 terret,
1134 1169 1378 1236 viduus
1397 1169 1705 1255 pharetra
1899 1191 2037 1235 voce
2081 1172 2318 1236 minaci

880 1276 1054 1342 Risit
1097 1275 1353 1362 Apelle.
1753 1279 1773 1287 “
1819 1277 2205 1355 Terribilem,
2254 1276 2373 1361 qui
2417 1314 2503 1353 -÷
2549 1314 2638 1321 —
2684 1314 2768 1322 -—
2808 1312 2817 1328 ι

677 1381 796 1468 [D]
846 1404 898 1448 c.
948 1384 998 1448 Ι.
1052 1386 1109 1449 8.
1161 1385 1230 1447 6;
1943 1383 2177 1469 Psych.
2235 1386 2385 1449 191:
2435 1452 2440 1460 ,

841 1488 976 1555 Cur
1019 1510 1236 1574 neque
1282 1488 1626 1554 militares-

539 1596 721 1661 Inter
765 1596 1071 1681 aequales
1118 1596 1372 1681 equitat
1385 1649 1408 1688 ,ἢ
1451 1594 1705 1660 Gallica
1809 1597 2149 1683 Inpatiens
2194 1596 2481 1662 madidis
2509 1599 2834 1681 frenari-er
2867 1620 3006 1663 ora

623 1722 746 1765 nec
791 1704 1029 1783 lupatis
1727 1779 1731 1784 ⁴
1899 1705 2153 1786 lupatis.

534 1808 886 1893 Temperat
931 1832 1044 1875 ora
1084 1812 1336 1891 frenis?
1775 1807 1776 1812 ’

667 1913 852 2000 epod.
903 1914 1123 1980 XVII.
1173 1916 1289 1980 44:
1856 1911 1864 1917 ¹
1940 1916 2176 2002 Psych.
2225 1918 2388 1983 482:

534 2021 853 2102 Adempta
898 2022 1035 2088 vati
1063 2021 1403 2091 reddidere
1433 2023 1697 2087 lumina.
2094 2024 2277 2088 hunc
2324 2026 2560 2089 lumine
2604 2026 2896 2105 adempto

1808 2129 2219 2214 Effossisque
2266 2127 2471 2195 oculis
2502 2129 2686 2196 velut
2730 2132 2803 2193 in
2836 2129 2998 2194 cali-

1895 2236 2050 2321 gine
2096 2237 2308 2301 noctis
2842 2230 2847 2234 ⁹

1810 2340 2100 2408 Caecum
2148 2362 2361 2407 errare
2408 2342 2582 2408 sinit.

667 2467 719 2511 c.
769 2447 819 2511 I.
874 2448 998 2513 28ολ
1031 2449 1105 2511 7:
1501 2456 1524 2461 ⁴
1941 2448 2177 2534 Psych.
2237 2451 2399 2531 531:

534 2553 794 2619 Occidit
838 2560 902 2619 et
931 2553 1190 2640 Pelopis
1235 2553 1511 2639 genitor,
1563 2574 1699 2619 con-
2002 2556 2290 2642 Magnus
2337 2556 2455 2641 qui
2502 2555 2994 2642 discipulorum

626 2663 771 2727 viva
815 2660 1119 2727 Deorum.
1356 2692 1361 2697 ·
1810 2663 1898 2729 Et
1944 2665 2200 2730 conviva
2231 2663 2377 2743 Dei,
2428 2662 2593 2730 dum
2639 2662 2810 2730 fallit
2857 2664 2992 2730 foe-

1898 2769 2049 2834 dere
2099 2807 2175 2815 --
2225 2806 2315 2814 —
2364 2808 2453 2816 —

667 2881 784 2940 sat.
832 2875 884 2940 I.
937 2877 994 2957 3.
1048 2877 1165 2939 31:
1941 2876 2178 2961 Psych.
2230 2877 2386 2941 634:

878 2981 1076 3046 rideri
1119 2982 1328 3067 possit
1375 3002 1469 3060 ec,
1518 2981 1701 3066 quod
1825 2985 2026 3050 Vestis
2090 2981 2392 3068 adusque
2452 2983 2653 3068 pedes
2718 2983 2989 3049 descen-

534 3087 875 3153 Rusticius
935 3095 1128 3153 tonso
1183 3096 1323 3171 coya
1373 3090 1592 3168 defluit
1638 3094 1703 3153 et
1899 3089 2062 3154 dens
2111 3091 2332 3169 defluit
2374 3089 2561 3153 imos

630 3195 804 3259 male
847 3195 1040 3260 laxus

530 3301 614 3365 In
657 3300 826 3387 pede
872 3302 1127 3367 calceus
1173 3302 1416 3366 haeret.
1973 3355 1980 3362 .

669 3429 721 3472 c.
771 3407 890 3474 IV.
942 3410 1000 3474 6.
1057 3409 1165 3472 15:
1943 3409 2180 3494 Psych.
2233 3409 2389 3474 688:

533 3514 738 3579 Troas
785 3521 850 3579 et
895 3516 1123 3580 laetam
1170 3513 1417 3579 Priami
1464 3516 1703 3580 choreis
1808 3517 1984 3602 Ipsa·
2025 3515 2363 3580 redimitos
2424 3514 2565 3580 olea
2629 3514 2988 3582 frondente

620 3620 903 3686 Falleret
948 3621 1189 3686 aulam.
1832 3606 1840 3610 ”
1900 3621 2171 3707 capillos

1642 3728 1646 3731 “
1811 3727 2169 3794 Ostentans
2211 3727 2392 3791 festis
2431 3720 2786 3811 respondet
2815 3729 2985 3793 laeta

767 3862 770 3866 ’
1900 3837 2151 3900 choreis,

675 3939 861 4027 epod.
912 3940 1064 4005 XII.
1117 3942 1203 4026 9:⁴
1942 3940 2178 4026 Psych.
2232 3942 2388 4006 697:

981 4069 1136 4112 cum
1183 4068 1352 4133 pene
1399 4045 1613 4112 soluto
2117 4045 2120 4050 ’
2332 4034 2338 4041 ’

549 4155 914 4186 ἘΛᾸΙΛῌΜΜΛῌΜ
963 4159 1264 4186 Ἃ..Λ.ΛΛ,.«-.4-

1332 4156 1567 4219 ·-”’“’”Ἳ
1612 4177 1703 4220 se·
1812 4152 1991 4231 Quid
2037 4154 2240 4232 iuvat,
2290 4154 2624 4219 indomitos
2669 4150 2844 4217 bello
2891 4176 2979 4219 -se-

1901 4262 2083 4326 dasse
2124 4261 2426 4342 furores?

1949 4365 2019 4430 O.
2071 4365 2134 4430 S.
2184 4364 2233 4428 Ι.
2287 4365 2443 4428 205:

1813 4473 2204 4538 Formatum
2267 4470 2603 4535 Fortunae
2670 4470 2981 4537 habitum

1904 4600 2059 4644 cum
2112 4581 2301 4644 divite
2348 4600 2560 4644 cornu.
