3099 5409
1149 500 1254 508 ,,.
1343 435 1628 526 43’,-

572 660 935 726 HORA'rms.
1793 656 2234 724 Pano-amns.

289 772 416 832 sat.
462 766 516 832 Ι.
565 769 622 833 9.
675 768 798 832 35:
1572 763 1799 830 Perist.
1850 763 1933 828 V.
1983 766 2151 830 213:

127 873 443 938 Ventum
489 880 626 938 erat
664 875 751 938 ad
780 870 1042 950 Vestae,
1093 877 1329 958 quarta
1452 871 1717 937 Ventum
1763 872 1849 936 ad
1891 871 2287 958 palaestram
2330 869 2596 956 gloriae.

239 979 390 1044 iam
437 984 621 1064 parte
667 977 797 1042 diei

109 1085 535 1150 Praeterita.
872 1122 880 1128 -
1036 1169 1042 1176 ·
1403 1115 1409 1120 ·

287 1213 347 1257 c.
396 1192 479 1257 II.
535 1193 634 1256 19.
686 1192 767 1256 21
797 1212 936 1278 sq.:
1566 1188 1793 1286 Perist.
1844 1188 1959 1254 VI.
2012 1191 2133 1256 97:

109 1299 273 1378 Tu,
366 1319 520 1364 eum
585 1300 882 1380 parentis
953 1320 1146 1382 reqna
1201 1319 1328 1380 per
1430 1293 1681 1360 Felices
1766 1295 2057 1375 animae,
2151 1295 2397 1380 quibus
2474 1320 2601 1378 per

233 1407 526 1482 arduum
1518 1404 1726 1487 iynem
1850 1487 1855 1496 ‚
2133 1487 2138 1493 ·

111 1511 412 1576 Cohors
518 1511 884 1596 Gigantum
995 1513 1322 1577 scanderet
1437 1493 1617 1574 Celsa
1660 1511 1961 1574 scandere
1989 1509 2264 1594 contigit
2294 1513 2593 1576 tonantis.

223 1618 459 1703 inpia,
1560 1615 1787 1680 Perist.
1838 1615 2023 1681 VIII.
2078 1618 2148 1680 7:

105 1725 490 1790 Rhoetum
536 1724 848 1790 retorsisti
899 1759 976 1770 --
1029 1763 1110 1772 —-
1157 1761 1246 1772 -—
1428 1720 1563 1797 Qui
1622 1723 1804 1807 eupit
1862 1729 2206 1788 aeternum
2254 1725 2410 1789 caeli
2456 1745 2595 1790 eon-
2656 1763 2661 1768 ·

1513 1829 1804 1894 scendere
1848 1851 2129 1912 reanum,
2352 1815 2357 1825 ¹

1422 1931 1579 1998 Huc
1622 1935 1846 2007 veniat
1886 1934 2131 2015 sitienS,
2182 1957 2333 2002 ecee
2361 1943 2593 2023 parata

1385 2087 1390 2100 .
1511 2041 1621 2106 via
1667 2047 1781 2112 est.

1422 2147 1601 2213 Ante
1636 2147 1939 2214 'coronati
1968 2150 2349 2216 scandebant
2378 2155 2592 2219 ardua

1510 2261 1712 2320 testes

1421 2357 1627 2426 Atria
1654 2398 1745 2408 —-
1788 2398 1878 2406 -
1900 2385 1903 2388 ⁴
1924 2399 2008 2406 —-

269 2490 332 2534 ο.
384 2469 501 2534 ΠΙ.
555 2470 659 2533 27.
711 2470 827 2534 23:
1117 2469 1126 2476 ’
1554 2467 1782 2534 Perist.
1833 2468 1982 2535 VII.
2036 2473 2157 2536 59:

103 2576 457 2642 Sentiant
479 2582 700 2642 motus
724 2577 992 2641 orientis
1017 2577 1224 2642 austri
1247 2583 1312 2642 et
1421 2573 1689 2640 Calcare
1729 2578 2056 2657 fremitum
2102 2581 2319 2657 maris,

103 2685 464 2767 Aequoris
507 2683 680 2769 nigri
719 2685 1046 2766 fremitum.
1093 2690 1158 2750 et
1191 2691 1309 2750 tre·
1418 2679 1638 2747 Prona
1683 2689 1748 2749 et
1792 2683 2071 2749 flumina
2116 2687 2357 2752 sistere.

216 2794 494 2855 mentes

459 2864 755 2962 Verbere
799 2896 994 2987 ripaS.

273 3000 483 3091 [Sch.]
534 3023 586 3068 e.
635 3003 686 3068 I.
739 3006 796 3068 7.
847 3006 960 3069 22:

99 3112 398 3177 Teucer
441 3108 778 3175 Salamina
823 3117 1211 3195 patremque
1546 3108 1774 3173 Perist.
1825 3108 2008 3174 VIII.
2065 3112 2172 3175 14:

93 3216 308 3281 Cum
352 3214 608 3300 fugeret
649 3222 879 3283 tamen
925 3220 1058 3283 ada
1098 3219 1308 3302 Isyaeo
1413 3212 1867 3300 Exundatque
1944 3238 2065 3282 suo
2140 3218 2377 3303 iugiter
2452 3222 2585 3286 uda

93 3324 466 3406 Tempora
485 3323 770 3409 populea
791 3324 998 3389 fertur
1015 3324 1308 3391 vinxisse
1503 3320 1659 3388 Deo.

209 3448 484 3495 corona.

260 3540 389 3598 sat.
439 3534 522 3599 H.
575 3537 632 3613 6.
687 3539 800 3601 77:
1543 3533 1771 3600 Perist.
1820 3534 1939 3600 IX.
1997 3538 2105 3602 18:

97 3640 410 3707 Cervius
454 3642 619 3707 haee
664 3643 836 3709 inter
872 3644 1132 3709 vicinus
1161 3664 1301 3729 gar·
1411 3640 1609 3717 Quod
1653 3643 1991 3728 prospieiS,
2039 3644 2299 3730 hospeS‚

209 3747 310 3811 rit
356 3750 556 3815 andes
1408 3747 1563 3812 Non
1594 3755 1693 3813 est
1721 3748 1943 3814 inanis
1972 3756 2090 3816 aut
2112 3753 2306 3817 anilis
2333 3754 2575 3834 fabula.

93 3857 225 3921 Ex
275 3874 353 3918 re
394 3856 674 3935 fabellas
1429 3904 1438 3911 .

259 3981 320 4025 c.
369 3946 574 4025 1337.
626 3962 743 4026 21:
1540 3960 1769 4027 Perist.
1818 3962 1904 4027 X.
1958 3966 2071 4028 77:

606 4067 791 4133 daret
835 4076 912 4135 ut
957 4070 1205 4135 eatenis
2374 4150 2387 4159 ,

93 4172 364 4240 Fatale
407 4183 771 4240 monstram.
1406 4175 1661 4255 Infante
1689 4184 2058 4256 monstram,
2106 4176 2273 4257 vilis,
2310 4178 2578 4244 intesta-

1492 4280 1663 4346 bilis.

254 4404 315 4449 c,
365 4383 484 4450 IV.
535 4386 594 4449 4.
652 4389 726 4451 1;
1536 4386 1764 4452 Perist.
1814 4387 2001 4453 XIV.
2051 4389 2165 4453 46:

93 4488 414 4569 Qualem
515 4492 897 4558 ministrum
997 4495 1295 4575 fulminis
1402 4493 1509 4557 En
1558 4496 1687 4559 ales
1748 4494 1921 4581 ignis
1961 4496 2257 4576 fulminis
2320 4496 2393 4561 in
2440 4518 2573 4561 mo·

196 4598 429 4663 alitem
1493 4598 1658 4664 dum
