3099 5409
1098 439 1572 530 *212-

297 655 532 741 Neque
595 658 821 726 minus
883 658 1167 745 quadrat
1228 659 1340 725 illa
1405 663 1752 747 explicatio
1814 665 1885 729 in
1938 666 2283 751 geminum
2336 665 2557 732 locum
2618 699 2623 710 ·

98 761 322 830 Persii
366 762 449 828 V.
507 766 668 829 131:

213 887 216 896 ·
395 845 409 851 -
647 847 652 851 ι
754 870 942 937 Cinis
989 878 1054 938 et
1099 893 1332 939 manes
1379 881 1436 940 et
1475 877 1703 958 fabula
1741 879 1872 959 fies.

295 993 604 1072 Quadrat
648 995 846 1061 etiam
893 996 981 1061 ad
1024 997 1207 1064 hunc
1251 997 1530 1078 Horatii,
1580 1021 1679 1085 ep.
1730 999 1779 1066 I.
1837 1003 1933 1066 13.
1986 1005 2053 1068 9:
2147 1001 2153 1012 “

561 1119 947 1206 Cognomen
994 1127 1210 1188 vertas
1253 1123 1327 1188 in
1372 1115 1583 1190 risum
1630 1131 1688 1190 et
1726 1121 1950 1207 fabula
1990 1127 2130 1209 siaa,

108 1243 230 1309 ubi
299 1244 581 1310 verbum
649 1246 915 1312 fabulae
981 1267 1066 1312 ex
1129 1269 1387 1314 conexu
1451 1249 1726 1314 demum
1800 1253 2279 1317 sententiarum
2338 1249 2560 1319 induit

111 1371 414 1432 sensum,
464 1352 582 1438 qui
623 1351 800 1430 idem
849 1355 947 1418 est
990 1359 1192 1442 atque
1236 1355 1307 1419 in
1354 1352 1721 1422 ludibrium
1767 1358 1949 1424 verti.
2595 1351 2597 1353 ’

508 1635 870 1702 HORATIUS.
1163 1635 1182 1658 *
1757 1640 2200 1710 PRUDEN'HUS.

252 1741 452 1828 [sch]
503 1764 554 1808 c.
603 1743 720 1810 ΠΙ.
772 1743 830 1809 5.
883 1746 999 1810 49:
1523 1746 1751 1812 Perist.
1801 1748 1852 1814 Ι.
1902 1749 2016 1814 47:
2092 1745 2097 1750 ’

109 1849 330 1937 Atqui
348 1849 613 1929 sciebat,
636 1871 806 1936 quae
827 1849 952 1916 sibi
975 1853 1288 1918 barbarus
1392 1854 1730 1920 Barbaras
1770 1855 1988 1920 forum
2033 1876 2151 1943 per
2194 1877 2393 1922 omne
2436 1864 2560 1923 tor·
2622 1907 2624 1914 .

116 1958 353 2042 Tortor
394 1964 669 2042 pararet.
1090 2020 1096 2029 ,
1483 1968 1579 2026 tor
1626 1967 1883 2028 exercet
1927 1983 2173 2028 manus.

299 2082 474 2148 Cum
518 2082 922 2150 Prudentius
967 2083 1170 2150 altero
1215 2058 1359 2151 loco
1405 2084 1633 2152 Perist.
1682 2063 1800 2151 IV.
1856 2087 2012 2151 121:
2588 2105 2595 2140 τ

656 2209 996 2274 Barbarus
1041 2215 1238 2275 tortor
1283 2207 1457 2274 latus
1504 2229 1703 2274 omne
1750 2210 2008 2296 carpsit,

118 2332 508 2418 scripsisset,
558 2332 874 2400 Weitzius
918 2333 1130 2420 priore
1175 2333 1320 2400 loco
1364 2335 1676 2402 mutavit:

411 2457 742 2538 Barbarus
788 2459 1006 2524 forum
1052 2479 1169 2544 per
1213 2479 1412 2524 omne
1456 2463 1664 2524 tortor
1710 2465 1967 2524 exercet
2010 2463 2273 2525 manusss

299 2581 650 2670 Perperam
666 2637 700 2663 ‚,
746 2591 823 2649 ut
885 2583 1054 2648 mihi
1098 2583 1374 2664 videtur,
1442 2570 1601 2649 nam
1650 2583 1968 2648 barbarae
2013 2604 2255 2649 manus
2300 2585 2561 2650 tortoris

116 2689 437 2775 dicuntur
498 2713 614 2777 per
677 2691 1131 2778 metaphoram
1193 2691 1402 2777 poetis
1467 2691 1625 2757 satis
1688 2691 2030 2771 usitatam,
2097 2713 2315 2778 neque
2380 2691 2560 2777 quod

118 2800 327 2865 altero
375 2798 516 2863 loco
562 2798 964 2864 Prudentius
1009 2798 1369 2863 Horatium
1415 2804 1682 2865 secutus
1728 2805 1843 2880 est,
1894 2798 2097 2864 altero
2141 2799 2227 2865 ab
2276 2820 2351 2864 eo
2397 2820 2561 2865 rece·
2669 2844 2673 2851 ·

119 2904 272 2971 dere
317 2926 456 2970 non
501 2906 736 2992 potuit.

257 3163 449 3266 [Son]
501 3186 554 3229 c.
603 3164 687 3228 II.
743 3164 842 3229 14.
893 3165 970 3261 pl:
1259 3214 1264 3221 .
1527 3163 1716 3229 Cath.
1767 3162 1884 3229 XI.
1936 3164 2005 3229 5:

119 3275 313 3338 Eheu
382 3274 664 3357 myaces,
755 3270 1097 3350 Postume,
1167 3270 1282 3335 Po·
1391 3272 1540 3337 Heu·
1591 3290 1795 3355 quam
1839 3273 2125 3354 fuya-cem
2168 3271 2450 3356 gratiam

213 3384 450 3457 stume‚
1519 3376 1790 3443 Festina:
1834 3376 2143 3444 volvebat
2188 3376 2342 3441 dies.

117 3486 472 3551 Labuntur
515 3486 693 3551 anni.
1818 3494 1824 3501 '

299 3599 452 3675 Hoc
513 3610 657 3675 loco
720 3610 1086 3696 Porphyrio
1151 3631 1307 3675 cum
1367 3609 1599 3695 paucis
1660 3607 1996 3674 codicibus
2053 3607 2317 3674 Horatii
2360 3608 2562 3675 verba.

121 3716 337 3783 reddit
413 3716 603 3783 «Heu
666 3717 1005 3802 fugaces»;
1074 3716 1190 3781 sed
1259 3717 1559 3781 meliores
1623 3716 1879 3781 codices
1948 3736 2179 3780 omnes
2242 3714 2562 3801 praebent

68 3831 72 3836 “
133 3825 399 3902 «eheu»,
468 3822 650 3908 quod
723 3822 1104 3908 saepissime
1173 3822 1571 3909 depravatur
1629 3823 1702 3888 in
1772 3822 1979 3887 «heu»
2050 3822 2293 3887 omissa
2345 3822 2561 3908 prima

122 3930 424 3995 litterula.
520 3929 742 4015 Atque
785 3930 858 3994 in
905 3930 1032 3994 hoc
1078 3952 1273 3996 versu
1318 3913 1655 3995 afferendo
1702 3950 1857 3994 cum
1887 3928 2357 4015 Porphyrionis
2388 3929 2560 3994 testi-

125 4038 348 4103 monio
407 4058 544 4102 non
605 4037 1031 4102 consentiunt
1094 4037 1472 4102 testimonia
1533 4030 1813 4101 Acronis
1878 4039 1943 4100 et
2006 4035 2230 4102 Servii.
2327 4036 2559 4121 Neque

124 4143 469 4209 Prudentii
539 4143 684 4209 loco
743 4143 930 4209 abuti
997 4144 1238 4229 poteris
1295 4142 1381 4207 ad
1435 4141 1763 4207 mutanda
1806 4141 2068 4207 Horatii
2113 4141 2337 4221 verba,
2406 4164 2559 4207 cum

121 4274 256 4317 non
305 4271 563 4336 semper
607 4250 886 4317 verbum
933 4250 1134 4317 verbo
1179 4250 1428 4329 reddat,
1489 4249 1604 4315 sed
1650 4250 1911 4335 saepius
1955 4249 2266 4316 immutet
2310 4248 2563 4337 aliquid

123 4380 242 4424 sua
287 4364 539 4444 sponte.

1135 4486 1557 4494 —--———-—--·=———---—
