3099 5409
1109 469 1542 535 ..ώ3ῌ

1658 531 1665 538 .

1199 585 1205 596 V

94 661 300 726 libros
331 661 844 730 Cathemerinon
891 672 956 730 et
985 619 1526 749 Peristephanon,
1576 664 1822 750 quippe
1868 663 1989 747 qui
2018 663 2365 748 compositi
2410 665 2545 728 sint

95 771 326 836 metris
371 769 621 854 lyricis:
685 791 1102 856 quamquam
1148 792 1236 836 ne
1287 771 1358 834 in
1405 770 1870 836 hexametricis
1916 769 2190 856 quidem
2240 770 2543 834 carmini-
2666 757 2671 760 ¹
2788 797 2795 806 ·
2849 789 2853 798 ·

97 875 228 940 bus
257 875 422 942 tales
452 875 578 942 loci
613 897 760 942 raro
801 876 1247 944 inveniuntur.
1333 875 1517 954 Quos
1558 897 1797 942 omnes
1840 876 1968 942 hoc
2012 876 2331 964 opusculo
2376 875 2545 942 mihi

98 981 504 1068 colligendos
548 984 879 1069 proposui.

283 1088 456 1155 Cum
503 1109 750 1170 eorum,
814 1112 984 1176 quos
1030 1090 1408 1176 prolaturus
1469 1111 1621 1156 sum
1666 1091 1981 1169 locorum,
2038 1096 2293 1176 partem
2340 1109 2545 1174 quan·

103 1195 262 1260 dam
312 1196 438 1262 viri
483 1195 660 1262 docti
703 1203 859 1262 ante
905 1217 1012 1261 me
1049 1196 1138 1262 ad
1169 1195 1527 1262 Horatium
1574 1196 1985 1262 referendam
2032 1217 2173 1262 esse
2204 1179 2543 1274 vidissent,
2658 1212 2667 1219 ·

107 1301 467 1382 BentleiUS,
523 1302 1090 1388 Dillenburgerus,
1151 1302 1639 1394 Peerlcampius
1657 1356 1671 1382 ,
1730 1302 2053 1381 KelleruS,
2118 1308 2375 1388 partem
2439 1323 2547 1366 me

36 1447 37 1450 =
107 1431 250 1474 non
303 1409 650 1496 neglegere
693 1408 993 1475 iussisset
1037 1409 1325 1494 benigne
1369 1411 1662 1495 optimus
1706 1409 2047 1496 professor.
2078 1416 2300 1476 nos-ter
2328 1407 2549 1478 Fride

105 1516 284 1582 ricus
341 1505 706 1581 Schoellius
722 1567 750 1594 ‚.
803 1537 958 1580 cum
1011 1516 1084 1580 in
1139 1515 1491 1582 seminario
1552 1516 1949 1602 philologico
2005 1516 2550 1601 Heidelbergensi

36 1675 39 1680 ,
103 1622 177 1686 in
222 1622 400 1687 hanc
429 1643 570 1688 rem
615 1622 1037 1706 inquirerem,
1085 1621 1234 1687 illos
1277 1621 1455 1688 locos
1498 1623 1595 1688 ita
1638 1623 1710 1687 in
1745 1623 1873 1688 hoc
1898 1623 2223 1709 opusculo
2269 1622 2546 1708 signavi,

109 1735 186 1793 ut
231 1749 634 1814 apponerem
678 1729 965 1814 primam
989 1729 1362 1795 nominum
1408 1729 1694 1796 litteram
1739 1730 1931 1795 uncis
1975 1729 2322 1801 inclusam.

281 1836 429 1904 Iam
461 1831 548 1900 ad
577 1856 717 1903 rem
758 1834 974 1921 ipsam
1002 1843 1354 1903 transeam.
1440 1837 1540 1902 Ac
1569 1837 1864 1923 primum
1894 1858 2004 1902 eos
2036 1837 2213 1903 locos
2250 1841 2545 1916 tractem,

107 1942 189 2006 de
234 1941 482 2026 quibus
525 1948 627 2006 est
671 1930 852 2028 quod
897 1941 1097 2027 paulo
1144 1942 1430 2028 amplius
1477 1941 1923 2028 disputemuS,
1984 1949 2132 2008 tum
2180 1965 2317 2023 005,
2380 1965 2550 2029 quos

109 2054 284 2112 certo
329 2048 603 2114 consilio
633 2047 1016 2114 adhibuisse
1048 2048 1487 2114 Prudentium
1519 2051 1749 2134 paucis
1790 2049 2385 2116 demonstrandum
2430 2057 2547 2131 est,

109 2154 398 2239 denique
443 2176 552 2220 005
600 2176 1002 2234 enumerem,
1045 2155 1295 2240 quibus
1341 2155 1509 2221 nihil
1554 2155 1769 2221 habeo
1815 2151 1996 2241 quod
2042 2156 2303 2222 addam

1297 2351 1360 2434 1.

517 2457 880 2522 HORA'rms.
1089 2455 1093 2467 '
1750 2459 2190 2526 PRUDEN'rms,

249 2561 370 2648 [R]
416 2583 468 2628 0.
519 2563 636 2628 ΙΠ.
688 2566 790 2628 27.
842 2565 953 2629 59:
1517 2565 1746 2631 Perist.
1796 2565 1881 2630 X.
1940 2567 2133 2631 1108:

267 2695 272 2702 ·
431 2670 624 2750 Potes
669 2669 797 2737 hac
843 2671 931 2739 ab
975 2692 1136 2737 orno
2416 2727 2423 2737 .

109 2777 489 2843 Pendulmn
519 2801 680 2844 zona
701 2779 868 2843 bene
889 2785 954 2843 te
973 2785 1199 2845 secuta
1218 2802 1276 2844 e·
1384 2782 1604 2847 Elidit
1648 2780 1781 2845 illic
1807 2782 1963 2863 fune
1991 2782 2215 2846 collum
2248 2780 2553 2865 martyris
2600 2789 2602 2791 ’

194 2886 395 2949 Zidere
441 2886 683 2951 collum.
1481 2868 1702 2953 Lictor
1746 2886 2095 2953 nefandus,

289 3007 442 3085 Quo
487 3007 630 3073 loco
678 3008 1022 3075 Prudentii
1068 3033 1188 3076 5110
1233 3012 1376 3076 iure
1420 3032 1585 3076 usus
1630 3018 1732 3076 est
1775 3011 2115 3077 Bentleius
2161 3011 2249 3075 ad
2291 3010 2552 3075 firman-

112 3112 272 3179 dam
347 3115 743 3180 sententiam
761 3168 775 3193 ,
842 3139 925 3181 ex
991 3138 1127 3202 qua
1199 3140 1354 3182 cum
1419 3118 1826 3203 quibusdam
1888 3118 2150 3184 Horatii
2217 3116 2555 3182 codicibus

117 3220 547 3285 scribendum
602 3228 800 3309 putat
851 3222 1152 3289 «e-lidere
1197 3224 1505 3289 collum».
1602 3224 1833 3309 Neque
1890 3225 2070 3289 enim
2115 3224 2288 3289 bene
2343 3225 2555 3289 facere

110 3328 281 3393 mihi
323 3322 588 3393 videtur
634 3329 1105 3414 Kiesslingius,
1164 3351 1319 3395 cum
1376 3330 1735 3396 contendat
1786 3330 1987 3396 verba
2040 3337 2271 3416 poetae
2324 3332 2417 3396 ita
2460 3332 2555 3395 in·

109 3433 483 3519 tellegenda
513 3455 671 3512 esse,
719 3441 796 3499 ut
827 3435 1027 3500 dicat:
1077 3436 1390 3521 Europen
1435 3438 1714 3501 veritam
1746 3456 1886 3501 esse
1924 3437 2167 3501 collum
2199 3437 2555 3522 pulchrum

111 3539 403 3619 foedare,
453 3540 634 3605 unde
680 3541 989 3606 acerbam
1033 3562 1150 3627 per
1191 3542 1472 3607 ironiam
1519 3543 1897 3608 adhibuerit
1941 3544 2342 3609 locutiunem
2396 3542 2553 3607 «lae-

111 3645 264 3710 dere
311 3646 621 3727 collum»,
672 3668 876 3732 quam
925 3648 1256 3713 exhibent·
1287 3648 1522 3734 reliqui
1570 3650 1856 3715 codices·
1916 3650 2090 3714 Nam
2134 3650 2313 3715 hanc
2360 3650 2553 3735 expli-

111 3753 442 3817 cationem
487 3752 779 3818 excludit
813 3750 1044 3839 ‘potes’
1076 3755 1391 3820 verbum:
1437 3764 1666 3821 contra
1697 3778 1930 3821 sensus
1960 3756 2085 3821 loci
2120 3755 2450 3823 dilucidus
2490 3764 2555 3821 et

111 3859 482 3923 concinnus
513 3866 630 3939 est,
666 3860 721 3925 si
757 3861 1106 3926 scribimus
1146 3862 1481 3927 «elidere».
1540 3863 1761 3928 Facile
1789 3863 2207 3948 intellegitur,
2240 3883 2374 3948 quo
2406 3863 2555 3947 quis

107 3964 428 4029 inductus
460 3966 560 4045 sit,
619 3972 696 4030 ut
739 3967 1067 4032 «laedere»
1105 3969 1445 4048 coniceret,
1495 3992 1737 4055 nempe
1768 3976 1844 4034 ut
1878 3970 2122 4035 vitetur
2153 3970 2556 4054 diremptum

108 4070 394 4135 verbum
462 4071 820 4152 ‹e-lidere»,
887 4074 960 4138 in
1029 4096 1162 4158 quo
1222 4075 1635 4141 haerendum
1698 4098 1836 4141 non
1894 4098 2033 4141 esse
2080 4076 2557 4141 demonstravit

107 4178 471 4243 Bentleius
555 4180 778 4246 Etiam
824 4181 1168 4247 Prudentii
1214 4183 1596 4268 exemplum
1641 4184 1853 4248 multo
1900 4184 2165 4249 maioris
2210 4184 2557 4247 aestiman-

108 4284 277 4349 dum
335 4293 436 4349 est
496 4307 702 4371 quam
767 4287 1168 4373 reliquorum
1237 4290 1568 4369 omnium,
1634 4311 1803 4374 quos
1866 4290 2157 4354 afferunt
2215 4289 2555 4355 Bentleius

109 4390 753 4478 Peerlcampiusque,
789 4394 970 4479 quod
1000 4394 1184 4459 hunc
1215 4395 1559 4480 permultis
1592 4395 1735 4460 aliis
1758 4395 1917 4462 locis
1948 4395 2307 4461 Horatium
2336 4403 2559 4482 aperte

118 4503 426 4562 secutum
469 4520 609 4564 esse
654 4500 976 4567 videmus
1285 4500 1290 4503 ’

1146 4648 1235 4653 ---—
1256 4648 1547 4655 ——-——--—-.—

2296 4724 2345 4765 1.
