3099 5409
1098 472 1531 535 —9ffi-

229 664 401 729 Iam
451 686 611 730 vero
659 663 928 744 accedit,
978 663 1161 750 quod
1206 663 1488 732 dubium
1535 686 1675 730 non
1720 664 1997 744 videtur,
2048 666 2215 751 quin
2247 664 2535 730 Pruden-

42 772 180 833 11113
231 770 434 835 hanc
485 770 750 837 Horatii
795 770 1193 836 locutionem
1241 772 1629 857 expresserit
1686 771 1798 836 illo
1845 793 2057 853 versu,
2116 794 2315 857 quem
2364 793 2534 837 com·

47 876 464 943 memoravi.
549 877 745 955 Quod
783 899 860 941 eo
904 878 1118 963 magis
1165 876 1661 957 affirmaverim,
1712 875 1895 963 quod
1940 879 2221 944 alterum
2269 900 2536 964 quoque

57 984 382 1049 eiusdem
445 986 760 1054 carminis
805 984 1067 1050 Horatii
1126 986 1346 1049 locum
1395 992 1661 1051 secutus
1708 992 1823 1066 est,
1888 1007 2090 1071 quem
2146 1006 2345 1071 supra
2398 986 2533 1050 iam

57 1091 316 1175 protuli
381 1091 616 1157 Perist.
665 1092 750 1156 X.
807 1092 1003 1157 1108:
1063 1091 1270 1156 Elidit
1313 1091 1448 1157 illio
1491 1092 1655 1159 fune
1702 1091 1947 1157 collum
1996 1092 2302 1178 martyris
2348 1091 2536 1157 lictor·

63 1197 439 1263 nefandus,
1812 1232 1815 1237 ·

1102 1306 1525 1313 —QW—

497 1392 862 1459 HORATIUs.
1732 1393 2170 1459 Panormus.

187 1498 321 1585 :B.]
381 1521 438 1563 0.
493 1520 544 1564 3.
596 1501 715 1564 53:
1502 1500 1690 1565 Cath.
1742 1500 1857 1565 VI.
1912 1502 2013 1565 85.

57 1608 194 1671 Iam
267 1606 462 1671 mari
516 1610 820 1690 terraque
874 1629 1103 1672 mames
1137 1630 1262 1689 φο-
1367 1590 1592 1671 Huius
1638 1630 1899 1672 manum
1934 1614 2247 1689 potentem

137 1721 363 1779 {vrttes
411 1714 417 1719 ⁴

59 1818 1253 1904 MedusAlbanasquetimetsecures
1369 1808 1649 1885 Gladius
1695 1827 2028 1905 perarmat
2072 1842 2331 1907 anceps.

239 1945 411 2021 Quo
479 1944 624 2009 loco
688 1944 1026 2010 Bentleius
1089 1943 1402 2009 traditam
1467 1944 1730 2009 Horatii
1796 1946 2187 2031 scripturam
2258 1953 2323 2009 et
2384 1944 2534 2009 Por·
2591 1985 2599 1993 -

65 2052 432 2137 phyrionis
480 2052 859 2117 testimonio
905 2045 1238 2117 firmatam
1265 2052 1456 2117 'male
1503 2052 1793 2118 mutavit
1835 2053 1907 2117 in
1947 2073 2266 2116 «manum
2310 2058 2533 2137 poten-

61 2178 230 2223 tem»
293 2158 514 2223 nixus
562 2180 718 2223 oum
764 2158 1044 2223 aliorum
1090 2158 1542 2244 compluribus
1590 2159 1749 2223 locis
1796 2166 1945 2223 tum
1990 2158 2117 2223 hoo
2160 2158 2531 2236 Prudentii;

59 2301 66 2320 ‹
77 2287 230 2350 [1100
297 2265 600 2331 mutatio
648 2286 728 2329 ex
782 2265 1142 2330 Prudentio
1208 2266 1473 2331 defendi
1534 2288 1673 2330 non
1718 2273 1961 2351 potest,
2026 2286 2182 2329 cum
2244 2265 2353 2330 ille
2398 2286 2536 2329 non

59 2374 282 2438 solum
319 2371 692 2437 Horatium
731 2373 1136 2457 spectaverit,
1185 2372 1301 2437 sed
1349 2374 1548 2437 etiam
1580 2372 1847 2437 alterius
1879 2372 2005 2436 loci
2036 2371 2533 2456 quodammodo

61 2480 464 2545 recordatus
512 2479 621 2559 sit,
685 2479 801 2564 qui
847 2479 1089 2565 legitur
1131 2480 1212 2543 N.
1263 2479 1335 2544 T.
1393 2480 1663 2565 Apocal.
1713 2479 1763 2544 Ι.
1820 2481 1926 2543 16;
1980 2484 2086 2542 καὶ
2133 2480 2293 2565 ἔχων
2351 2478 2410 2543 ἐν
2458 2489 2531 2563 τῇ

60 2590 226 2671 δεξιᾷ
279 2589 461 2673 χειρὶ
508 2598 688 2651 αυτοῦ
737 2586 998 2671 ἀστέρας
1047 2585 1197 2650 ἑπτὰ
1252 2590 1358 2650 καὶ
1405 2584 1476 2649 ἐκ
1524 2597 1627 2652 τοῦ
1676 2592 1976 2672 στόματος
2032 2582 2213 2650 αὐτοῦ
2261 2582 2536 2671 ῥομφαία

62 2697 364 2782 δίστομος
397 2690 571 2766 ὀξεῖα
603 2692 1050 2781 ἐκπορευομένη
1078 2696 1231 2770 κτλ.,
1258 2692 1438 2779 quod
1463 2715 1495 2758 e
1519 2693 1791 2779 vulgata
1813 2692 2110 2759 versione
2142 2693 2234 2758 310
2265 2692 2529 2778 legitur:

65 2813 118 2866 vt
165 2800 494 2867 habebat
539 2802 613 2866 in
659 2800 926 2866 dextera
973 2823 1094 2866 sua
1141 2801 1360 2866 stellas
1408 2808 1658 2887 septem
1708 2807 1773 2866 et
1817 2800 1899 2865 de
1946 2822 2054 2864 ore
2086 2800 2226 2865 eius
2272 2799 2535 2885 gladius

65 2920 367 2994 utraque
417 2911 608 2992 parte
651 2916 888 2973 acutus
935 2909 1159 2974 exibat
1203 2915 1322 2973 etc.

199 3193 326 3281 {R}
385 3215 440 3258 0.
491 3193 578 3257 Π.
631 3195 732 3257 20.
785 3195 896 3258 21:
1501 3192 1687 3256 Cath.
1740 3191 1857 3256 XI.
1911 3193 2022 3255 34:

65 3306 322 3369 Absint
371 3303 566 3367 inani
611 3301 840 3366 funere
884 3303 1108 3366 neniae
1365 3299 1541 3364 Nam
1590 3319 1782 3363 caeca
1827 3299 1925 3364 vis
1973 3299 2353 3364 mortalium

70 3414 477 3494 Luctusque
568 3414 793 3492 turpes
884 3414 948 3472 et
1038 3407 1244 3492 queri-
1367 3405 1712 3472 Venerans
1759 3410 1981 3472 inanes
2026 3410 2249 3473 nenias

143 3517 459 3584 moniae.
1366 3511 1494 3577 Vel
1542 3533 1695 3576 aera
1739 3513 1845 3578 vel
1891 3534 2050 3577 saxa
2097 3513 2317 3598 algida

1364 3618 1492 3684 Vel
1537 3619 1721 3705 ligna
1766 3619 2072 3685 credebat
2116 3621 2352 3684 Deum.

238 3745 757 3836 Pe'erlcampius
804 3746 1091 3812 mutavit
1135 3745 1396 3810 Horatii
1442 3746 1644 3810 verba
1691 3746 1788 3809 in:

766 3860 1012 3926 Absint
1053 3862 1282 3927 inanes
1327 3861 1559 3926 funere
1605 3861 1863 3939 neniae,

64 3991 117 4046 et
161 3982 257 4047 ad
311 3974 732 4044 firmandam
778 3976 1174 4042 sententiam
1221 3976 1443 4041 attulit
1474 3976 1817 4042 Prudentii
1865 3976 2083 4040 locum
2131 3996 2367 4054 unum,
2418 3976 2537 4060 qui

64 4089 388 4153 exhibeat
447 4082 717 4147 «inanes
763 4085 1057 4162 nenias»,
1101 4104 1254 4149 cum
1303 4082 1446 4148 aliis
1491 4083 1677 4161 10013,
1729 4104 1895 4167 quos
1944 4082 2251 4158 contulit,
2300 4082 2533 4146 inanes

66 4195 385 4260 dicantur
434 4188 658 4253 luctus
705 4187 808 4254 vel
853 4209 1150 4269 munera,
1201 4211 1338 4254 non
1379 4190 1634 4254 neniae.
1716 4187 1844 4253 Sed
1894 4210 1975 4252 ex
2028 4189 2155 4252 hoc
2192 4187 2536 4253 Prudentii

69 4301 196 4367 Ioco
293 4295 592 4364 minime
678 4294 847 4360 effici
928 4301 1170 4381 potest,
1249 4294 1691 4360 Prudentium
1778 4294 2040 4359 «inanes
2116 4295 2387 4358 neniae»
2463 4295 2537 4358 in

67 4407 334 4473 Horatii
416 4401 711 4468 carmine
781 4389 1040 4487 legisse:
1117 4421 1277 4466 nam
1343 4402 1527 4467 locus
1594 4402 1688 4466 ita
1758 4400 2208 4466 conformatus
2272 4407 2396 4480 est,
2460 4407 2539 4466 ut

65 4536 300 4580 <elisus
347 4529 632 4596 prorsus
677 4509 846 4574 alius
886 4510 971 4574 sit
1000 4508 1181 4596 apud
1212 4508 1672 4586 Prudentium,
1722 4507 1892 4572 alius
1936 4506 2116 4593 apud
2148 4507 2531 4573 Horatium:

61 4623 257 4688 Poeta
315 4615 750 4694 chfistianus,
803 4615 921 4700 qui
957 4615 1114 4680 deas
1145 4637 1286 4680 esse
1316 4615 1563 4680 Nenias
1610 4614 1894 4699 negavit,
1928 4613 2241 4700 gentilem
2272 4620 2539 4699 poetam
