3099 5409
52 394 70 822 f

49 949 60 1228 ›

1148 439 1691 526 -7,„.'

314 655 660 722 Prudentii
703 655 1024 720 memoria
1067 655 1280 720 nisus
1301 656 1559 741 egregie
1604 656 1884 722 coniecit
1928 655 2268 721 Bentleius
2320 660 2582 720 «musto

131 783 423 828 mersare
465 762 786 837 Falerno>
851 782 971 848 pro
1024 761 1284 828 traditis
1337 761 1555 832 verbis
1611 762 1845 828 «misto
1902 781 2191 828 mersare
2234 759 2577 826 Falerno».

52 859 355 945 'Quem
403 887 818 954 quamquam
863 889 1004 932 non
1050 888 1284 934 omnes
1330 868 1539 933 secuti
1586 874 1747 934 sunt
1790 867 2105 948 editores,
2174 867 2315 932 sine
2377 865 2585 931 dubio

132 995 370 1040 verum
412 975 606 1053 vidit;
663 973 935 1040 «misto»
991 969 1172 1040 enim
1214 975 1344 1040 hec
1387 974 1534 1040 loco
1562 974 1825 1040 Horatii
1854 973 2147 1061 intellegi
2174 995 2316 1040 non
2344 978 2581 1059 potest,

134 1103 292 1147 cum
322 1081 493 1146 nihil
522 1079 796 1161 dicatur,
836 1101 1138 1166 quocum
1165 1080 1442 1146 tandem
1471 1082 1749 1148 mistum
1781 1082 1869 1148 sit
1911 1081 2147 1150 vinum
2192 1079 2575 1146 Falernum.

546 1348 909 1412 HORA'rms,
1507 1412 1512 1416 ,
1777 1345 2217 1414 Ρ111111Ε1111118.

273 1453 344 1538 [Ρ
349 1453 489 1539 ..]0
539 1455 656 1520 ΙΠ.
708 1457 767 1519 3
819 1452 935 1520 66;
1545 1455 1773 1520 Perist.
1822 1457 1906 1522 H.
1958 1457 2116 1521 416:

133 1561 262 1625 Ter
308 1561 364 1625 si
407 1567 708 1646 resurgat
751 1583 977 1626 murus
1007 1555 1302 1627 aheneus
1592 1613 1597 1620 .
1634 1562 1691 1630 O
1738 1563 1947 1627 factor
1992 1563 2169 1628 orbis
2214 1568 2281 1627 et
2322 1561 2460 1647 poli

132 1669 407 1733 Aucto-re
444 1668 704 1748 Phoebo,
752 1674 851 1732 ter
879 1673 1104 1753 pereat
1138 1667 1303 1733 meis
1410 1669 1635 1754 Atque
1689 1676 1908 1736 auctor
1966 1669 2191 1734 horum
2234 1669 2581 1734 moenium!

134 1771 420 1838 Excisus
465 1773 748 1859 Argivis.

310 1897 394 1962 In
421 1897 530 1963 his
561 1899 778 1966 verbis
812 1898 1074 1964 Horatii
1119 1899 1317 1964 multi
1346 1898 1784 1978 haesitabant,
1821 1920 1975 1964 cum
2005 1905 2334 1984 putarent,
2384 1899 2581 1985 scrip·
2660 1942 2665 1946 -

130 2012 352 2070 turam
417 2005 620 2070 trium
683 2004 988 2070 codicum
1002 2059 1016 2086 ,
1081 2006 1200 2090 qui
1261 2004 1659 2100 praebent<
1636 2005 2015 2086 «>ductore>,
2080 2003 2581 2098 praeferendam

133 2132 273 2175 esse
309 2110 526 2178 allatis
562 2113 744 2191 locis,
776 2113 896 2180 ubi
925 2113 1167 2179 dicitur
1204 2113 1799 2180 «murosducere».
1871 2112 2002 2178 Sed
2030 2119 2205 2178 10010
2235 2111 2579 2178 Bentleius

127 2219 401 2304 negavit
437 2219 596 2285 inde
627 2220 832 2305 sequi,
878 2221 1080 2286 etiam
1119 2220 1392 2286 «ductor
1421 2241 1808 2286 murorum»
1849 2218 1975 2284 dici
2009 2240 2231 2305 posse;
2265 2217 2580 2284 traditam

129 2326 527 2412 scripturam
581 2326 810 2392 multis
866 2326 1184 2412 exemplis
1229 2327 1492 2398 firmare
1556 2332 1835 2391 conatus
1883 2332 2006 2391 est:
2074 2325 2393 2394 memoria
2438 2346 2580 2390 non

127 2416 347 2496 tenuit
391 2431 561 2497 illud
606 2432 970 2512 Prudentii,
1028 2433 1208 2518 quod
1265 2431 1488 2498 attulit
1532 2431 2042 2518 Peerlcampius,
2102 2430 2282 2517 quod
2330 2431 2579 2498 summi

129 2539 453 2604 momenti
502 2543 616 2603 est.

1147 2649 1566 2656 ——..-——

265 2767 458 2854 [Son]
509 2789 562 2833 0.
611 2768 661 2833 Ι.
714 2771 772 2834 6.
829 2772 892 2833 1:
1540 2771 1768 2835 Perist.
1818 2768 1936 2835 III.
1994 2772 2147 2835 136:

127 2876 437 2941 Scriberis
467 2876 662 2940 Vario
692 2875 878 2941 fortis
907 2882 973 2941 et
1003 2875 1298 2940 hostium
1406 2877 1719 2944 Scriberis
1765 2896 1914 2941 0000
1958 2878 2117 2942 mihi
2161 2877 2465 2956 Domine,

126 2980 375 3061 Victor,
424 2981 716 3047 Maeonii
769 2982 1082 3047 carminis
1135 2983 1297 3061 aliti,
1408 2982 1629 3060 Quam
1675 2983 1865 3047 iuvat
1908 2981 2031 3048 hos
2078 2984 2295 3068 apices
2340 2984 2571 3069 legere,

129 3087 348 3163 Quam
378 3109 520 3153 rem
562 3106 850 3173 cumque
898 3088 1084 3153 ferox
1119 3087 1299 3154 navi·
1407 3088 1539 3165 Qui
1564 3094 1699 3168 tua,
1720 3089 1996 3170 Christe,
2023 3098 2293 3177 tropaea
2310 3098 2569 3157 notant.

215 3194 344 3259 bus
391 3199 511 3259 aut
556 3194 743 3279 equis

123 3300 314 3365 Miles
360 3306 426 3365 te
472 3299 641 3366 duce
685 3300 976 3386 gesserit.

129 3408 284 3485 Nos,
307 3405 626 3492 Agrippa,
652 3427 871 3491 neque
893 3406 1059 3471 haec
1084 3404 1300 3471 dicere

216 3532 341 3577 nec
385 3533 659 3597 gravem

123 3618 390 3683 Pelidae
437 3618 860 3683 stomachum
905 3654 993 3664 —
1037 3656 1126 3664 —-
1171 3656 1262 3663 ——-

299 3742 451 3807 Hoc
523 3742 668 3808 loco
732 3740 988 3807 codices
1053 3760 1284 3807 omnes
1345 3743 1609 3809 Horatii
1674 3746 1991 3812 exhibent
2062 3747 2289 3813 «01110»
2308 3803 2322 3829 ,
2392 3748 2573 3835 quod

124 3854 555 3915 mutaverunt
615 3848 986 3936 complures
1041 3846 1320 3913 editores
1373 3850 1447 3915 in
1500 3876 1524 3908 «
1537 3851 1741 3932 01111»,
1800 3852 1912 3917 0111
1972 3857 2192 3919 conati
2238 3863 2397 3921 sunt
2457 3878 2575 3942 per

121 3952 489 4021 ablativum
544 3954 928 4021 absolutum
987 3954 1330 4041 explicare,
1395 3957 1661 4023 Kellero
1709 3966 1808 4024 est
1860 3960 2005 4025 «ein
2049 3961 2575 4048 instinctmassig

121 4061 430 4147 richtiger
489 4062 1026 4128 Instrumentalis
1047 4067 1102 4127 1»
1199 4062 1328 4127 Sed
1397 4065 1566 4129 mihi
1624 4065 1867 4132 tradita
1920 4068 2242 4153 scriptura
2298 4071 2575 4135 omnino

122 4168 274 4233 ferri
317 4190 455 4233 non
509 4190 702 4254 posse
749 4169 1011 4235 videtur
1056 4169 1140 4235 ob
1196 4190 1305 4234 eas
1378 4191 1638 4251 causas,
1708 4194 1874 4258 quas
1926 4181 2079 4259 post
2130 4174 2291 4240 alios
2346 4176 2575 4242 attulit

119 4274 581 4360 Kiesslingius.
675 4275 945 4341 Etenim
1007 4296 1226 4360 neque
1286 4298 1407 4361 pro
1460 4277 1751 4345 ablativo
1812 4279 2119 4347 absoluto
2182 4302 2397 4367 neque
2453 4305 2573 4369 pro

118 4382 246 4445 alio
306 4382 598 4449 ablativo
641 4382 875 4447 haberi
927 4388 1144 4468 potest
1199 4381 1438 4447 «Vario
1485 4420 1573 4430 -—
1619 4385 1771 4450 alite
1784 4412 1809 4443 »
1860 4394 2127 4472 propter
2171 4395 2572 4453 structuram

115 4487 500 4567 verborum,
559 4509 730 4573 quae
790 4509 865 4552 ea
927 4494 1052 4567 est,
1101 4496 1177 4553 ut
1223 4488 1411 4555 aliter
1458 4490 1751 4577 intellegi
1801 4513 1939 4557 non
1984 4494 2241 4578 possint
2284 4496 2411 4560 nisi
2455 4517 2574 4581 per

115 4592 596 4679 appositionem
619 4594 818 4661 verba
847 4594 1172 4659 <Maeonii
1192 4596 1503 4661 carminis
1527 4598 1680 4663 alite
1691 4622 1744 4678 »;
1775 4620 1952 4664 unus
1977 4601 2259 4685 quisque
2286 4601 2567 4667 «Vario»
