3099 5409
1071 407 1210 491 '—
1275 447 1388 523 ,23
1477 485 1583 491 -

248 679 267 690 -
303 641 436 708 His
481 621 816 707 omnibus'
839 640 999 707 locis
1043 647 1238 728 poeta
1297 635 1713 708 Christianus
1758 665 2170 730 paganorum
2220 644 2357 711 deis
2402 667 2569 711 acer-

111 749 400 814 bissime
427 747 668 825 illudit,
716 769 850 835 qua-
895 749 968 814 in
1012 769 1082 814 re
1129 748 1430 816 consulto
1475 749 1713 835 repetit
1758 750 1959 817 verba
2001 751 2385 831 Horatiana,
2436 774 2569 837 quo

114 857 260 922 vim
313 854 517 921 addat
559 854 869 920 illusioni.

519 1015 883 1080 HORATIUS.
1764 1016 2203 1084 PRUDENTIUS.

258 1145 318 1187 c.
365 1122 484 1187 ΠΙ.
537 1124 598 1186 2.
647 1124 758 1186 32;
933 1168 942 1178 0
1537 1122 1607 1187 C.
1659 1122 1722 1187 S.
1774 1123 1858 1188 II.
1916 1125 2067 1189 181:

115 1232 306 1296 Raro
354 1223 853 1294 antecedentem
900 1228 1250 1293 scelestum
1401 1230 1591 1294 Rara
1634 1219 1777 1294 reos
1824 1230 2000 1295 iusta
2044 1229 2336 1316 percellit
2353 1255 2573 1314 pamm

116 1335 433 1402 Deseruit
474 1335 643 1422 pede
675 1358 883 1417 poena
931 1335 1184 1401 claudo.
1492 1337 1723 1402 securi.

257 1451 272 1466 x
303 1477 578 1544 Disertis
640 1477 857 1545 verbis
922 1477 1048 1543 hoc
1111 1476 1255 1543 loco
1321 1477 1726 1544 Prudentius
1781 1477 2139 1544 Horatium
2197 1479 2567 1566 impugnat,

118 1606 283 1649 cum
327 1583 501 1650 dicat
547 1584 867 1649 iustitiam
913 1605 1051 1649 non
1098 1605 1255 1664 esse,
1305 1583 1423 1649 ubi
1467 1585 1773 1650 homines
1819 1590 2057 1671 putent
2104 1607 2258 1650 cum
2306 1606 2571 1671 corpore

119 1699 338 1756 totam
378 1693 584 1757 vitam
625 1693 1018 1777 perituram·
1034 1675 1204 1770 3333;
1255 1714 1336 1757 ex
1374 1691 1721 1758 Prudentii
1767 1692 2095 1758 sententia
2140 1691 2391 1803 iustitia
2434 1691 2579 1757 fieri

123 1821 266 1864 non
315 1805 548 1884 potest,
599 1799 727 1863 nisi
771 1798 843 1863 in
890 1798 1400 1865 christianorum
1449 1799 1728 1866 civitate.

265 1940 454 2028 epod.
505 1941 692 2028 XIII.
749 1943 857 2006 17:
1537 1941 1766 2006 Perist.
1818 1941 2004 2006 XIII.
2059 1941 2171 2006 44:

121 2047 270 2113 Illic
301 2070 477 2114 omne
507 2049 743 2114 malum
776 2049 932 2114 vi'no
964 2053 1299 2133 cantuque
1410 2049 1606 2115 Omne
1634 2049 1873 2114 malum
1918 2046 2169 2113 volucri
2216 2069 2371 2112 cum
2417 2053 2575 2112 tem-

214 2156 450 2221 levatO.
501 2159 510 2166 '
865 2177 872 2186 ’
1213 2245 1220 2258 .
1495 2175 1653 2242 pore
1699 2153 2108 2220 transvolare
2155 2154 2419 2220 cursim.

313 2295 518 2362 Poeta
564 2298 962 2363 christianus
1011 2301 1245 2382 sperat,
1294 2303 1445 2384 post
1475 2297 1746 2391 ⁸labores
1792 2298 2103 2382 malaque
2150 2296 2352 2363 huius
2402 2297 2573 2362 vitae

129 2404 540 2470 cruciamina
603 2425 671 2469 se
734 2399 1154 2490 adepturum'
1182 2425 1336 2471 3333
1393 2410 1697 2469 aeternae
1757 2404 1928 2469 vitae
1993 2403 2227 2468 lumen
2270 2408 2335 2467 et
2399 2401 2575 2466 diem

125 2533 515 2597 perennem:
564 2511 795 2596 gentili
824 2517 1055 2596 poetae
1087 2510 1272 2575 nulla
1303 2517 1401 2576 est
1430 2493 1689 2596 requies
1720 2509 2026 2576 laborum
2074 2515 2225 2594 post
2269 2515 2570 2588 mortem,

130 2618 364 2684 omnia
405 2618 584 2683 mala
628 2619 722 2684 ibi
768 2640 908 2683 esse
953 2617 1012 2696 ei
1058 2616 1386 2696 videntur,
1437 2617 1557 2683 ubi
1602 2617 1798 2682 morti
1844 2615 2238 2682 succumbit.

267 2783 320 2827 o.
373 2762 422 2827 Ι.
481 2764 578 2827 19.
631 2763 691 2840 3,
744 2764 811 2827 7:
1297 2834 1306 2845 ,
1542 2758 1754 2825 Praef.
1809 2761 1914 2824 10:

310 2871 522 2935 Mater
567 2891 764 2937 saeva
809 2867 1219 2956 Cupidinum

132 2977 625 3062 Thebanaeque
661 2976 846 3041 iubet
875 2996 982 3040 me
1015 2973 1300 3039 Semeles

225 3106 404 3171 puer.

131 3194 224 3257 Et
267 3190 506 3258 lasciva
549 3190 846 3254 Licentia
1407 3187 1583 3251 Tum
1631 3188 1867 3253 lasciva
1903 3187 2289 3267 protervitas

133 3298 376 3365 Finitis
432 3298 736 3363 animum
791 3290 1088 3360 reddere'
1125 3315 1298 3359 amo·
1405 3295 1495 3359 Et
1539 3294 1740 3359 luxus
1786 3293 2093 3379 petulans
2159 3290 2326 3378 (heu
2371 3290 2581 3377 pudet

222 3406 428 3471 ribus,
1497 3422 1575 3465 ac
1621 3398 1833 3487 piget)

135 3513 286 3579 Urit
329 3534 438 3577 me
485 3511 802 3597 Glycerae
848 3510 1022 3574 nitor
1407 3507 1730 3575 Foedavit
1755 3507 2064 3574 iuvenem
2084 3503 2418 3592 nequitiae
2450 3523 2576 3568 301·-

135 3618 556 3705 Splendentis
600 3618 794 3683 Pario
827 3636 1154 3681 marmore
1185 3636 1299 3700 pu·
1453 3702 1460 3715 .
1499 3614 1697 3680 dibus
1744 3636 1821 3679 ac
1867 3613 2027 3679 luto,

223 3746 388 3805 rius3

137 3832 283 3898 Urit
327 3836 515 3917 grata
548 3834 939 3913 protervitas

139 3944 225 4009 Et
263 3942 484 4009 voltus
526 3938 812 4004 nimium
854 3936 1148 4001 lubricus
1194 3934 1301 4002 ad-

225 4049 404 4137 spici

315 4170 520 4258 Apud
581 4169 938 4235 Horatium
999 4166 1270 4254 quidem
1317 4167 1388 4231 in
1430 4166 1648 4234 verbis
1703 4165 1984 4231 «lasciva
2029 4162 2359 4229 Licentia»
2414 4161 2578 4227 vitu-

137 4280 388 4368 peratio
443 4300 580 4343 non
637 4278 836 4355 inest,
892 4276 1101 4341 immo
1149 4274 1329 4359 quod
1377 4279 1650 4359 gratam
1707 4254 1997 4358 appellat
2038 4270 2295 4356 puellae
2339 4277 2575 4356 proter-

135 4391 428 4465 vitatem,
479 4383 887 4450 demonstrat
918 4404 987 4449 33
1019 4403 1165 4447 eam
1197 4381 1534 4446 adamare:
1586 4377 2007 4456 PrudentiUS,
2057 4377 2175 4463 qui
2206 4376 2364 4441 olim
2400 4376 2581 4441 idem

135 4503 335 4582 atque
381 4492 699 4560 Horatius
746 4496 1053 4569 senserat,
1121 4489 1256 4553 iam
1301 4487 1593 4552 maxime
1652 4485 1961 4551 abhorret
2006 4505 2045 4548 a
2089 4484 2335 4549 talibus
2380 4484 2577 4549 rebus

136 4611 200 4669 et
242 4601 458 4670 verbis
511 4598 793 4666 «lasciva
836 4596 1262 4686 protervitas»
1317 4616 1386 4660 se
1429 4594 1571 4680 ipse
1616 4592 1908 4657 maxime
1952 4591 2297 4677 vituperat.
