3099 5409
1151 469 1184 496 Q
1533 483 1641 490 ..—-.

886 657 890 668 ’
943 639 1304 727 HORArrUS.

551 764 678 830 Cui
703 761 824 830 r'ex
850 762 1125 828 deorum
1155 784 1437 848 regnum
1457 763 1532 828 in
1562 783 1717 830 aves

639 891 841 956 vagas
896 941 900 948 ,

548 977 870 1042 Permisit¹
901 981 1207 1062 expertus
1251 975 1515 1068 fidelem

547 1084 798 1170 Iupiter
841 1083 914 1148 in
961 1083 1353 1168 Ganymede
1397 1082 1589 1150 flavo.

683 1541 734 1584 e.
786 1519 834 1583 Ι.
892 1520 990 1582 16.
1043 1519 1121 1582 2:

550 1625 769 1703 Quem
803 1624 1170 1692 criminosis
1219 1617 1507 1708 eumque
1536 1621 1717 1689 voles

635 1733 888 1797 modum

503 1907 508 1914 ,
547 1839 752 1904 Penes
797 1836 1054 1902 iambis,
1106 1875 1190 1882 --
1237 1843 1328 1882 —'
1370 1874 1460 1882 —

624 2007 632 2014 .
679 1982 732 2025 e.
781 1961 900 2026 ΠΙ.
952 1963 1012 2026 6.
1063 1963 1177 2026 28;
1382 2005 1392 2015 „

1053 2087 1275 2152 neque
1320 2065 1500 2150 eligit

541 2172 670 2238 Cui
717 2172 919 2238 donet
962 2172 1362 2258 inpermissa
1403 2157 1650 2256 raptim

542 2278 805 2344 Gaudia
849 2281 1198 2344 luminibus
1231 2281 1513 2370 ‚remotis

669 2529 769 2594 ep.
823 2509 873 2576 I.
930 2511 1030 2574 19.
1083 2510 1204 2574 22:

537 2613 779 2680 Libera
842 2637 959 2701 per
1021 2636 1313 2681 vacuum
1368 2617 1563 2702 posui
1609 2637 1714 2684 Ve—

627 2723 823 2809 stigia
867 2724 1192 2809 prineePS,

540 2830 694 2895 Non
739 2830 956 2895 aliena
1000 2851 1150 2895 meo
1184 2834 1401 2911 pressi
1435 2833 1617 2913 pede.

675 2974 728 3021 c,
778 2954 894 3018 ΠΙ.
947 2955 1006 3018 3.
1059 2955 1174 3019 22:

857 3082 940 3124 ex
985 3080 1119 3145 quo
1165 3060 1463 3125 destituit
1507 3058 1665 3124 deos

538 3168 834 3233 Mercede
867 3173 1065 3249 pacta
1109 3165 1514 3231 Laomedon.

682 3406 778 3471 ep.
829 3386 913 3451 H.
966 3387 1024 3450 3.
1077 3386 1159 3457 27
1167 3388 1244 3451 9:

540 3490 913 3576 Aeschylus
979 3497 1044 3556 et
1088 3490 1366 3557 modieis
1410 3494 1715 3559 instravit

619 3600 878 3681 pulpita
925 3601 1134 3683 tiyniS.

597 3726 600 3731 '
677 3736 774 3800 ep.
826 3715 908 3779 Π.
961 3716 1019 3779 2.
1074 3715 1193 3780 84:

801 3826 1020 3886 statua
1063 3821 1458 3885 taciturnius
1505 3821 1640 3885 exit
1690 3880 1697 3889 .

542 3926 942 4012 Plerumque
1031 3933 1095 3992 et
1173 3927 1323 3992 visu
1401 3919 1713 4009 populum

633 4036 854 4115 quatit.

678 4260 795 4319 sat.
845 4254 928 4320 ΙΙ.
982 4258 1039 4320 7.
1094 4258 1214 4320 92:

1100 4360 1274 4445 eripe
1321 4362 1498 4447 turpi

552 4467 724 4533 Colla
769 4471 930 4552 ἐπιθυ.

1729 444 2173 548 44--1

2182 639 2625 706 Pnunnmms.

1824 763 2145 830 Vibratur
2206 765 2444 832 ardens
2503 773 2705 851 atque
2770 765 3021 830 oeulos

1802 921 1813 951 χ
1914 871 2077 935 ferit.

1958 975 2188 1042 Perist
2236 977 2322 1042 X.
2379 979 2531 1043 150:

1730 1093 1736 1098 '
1824 1048 2072 1168 Aquila
2117 1104 2200 1148 ex
2262 1084 2515 1150 eburna
2560 1084 2767 1149 sumit
2817 1083 3020 1149 adro-

1911 1189 2214 1273 gantiam

1828 1293 2133 1360 Gestator
2156 1296 2299 1360 eius
2320 1316 2397 1361 ae
2417 1296 2713 1383 superbit
2736 1295 3019 1361 belluae

1824 1401 2104 1470 Inflatus
2130 1423 2292 1481 osse,
2325 1425 2428 1468 em
2418 1405 2658 1488 figura
2682 1411 2773 1469 est
2800 1405 3011 1468 aletis.

1956 1517 2184 1583 Perist.
2234 1518 2320 1582 X.
2372 1520 2531 1582 554:

1826 1623 2086 1724 Quibus
2118 1623 2402 1690 sonandi
2435 1622 2620 1688 nulla
2662 1623 2771 1689 lex
2808 1628 3015 1706 ponit

1910 1733 2181 1797 modum.

1956 1960 2182 2026 Perist.
2199 1947 2318 2026 ΪΧ.
2371 1962 2529 2027 593:

1752 2357 1759 2368 ι
1821 2282 2147 2346 Removete
2198 2283 2444 2346 lumen!
2486 2279 2666 2354 ⁴dicit
2728 2279 3005 2346 insana-

1908 2385 2076 2451 bilis.

1953 2509 2178 2575 Perist.
2228 2509 2315 2575 X.
2366 2511 2533 2606 947⁸:

1819 2724 2097 2789 Fluctus
2130 2724 2447 2809 liquentis
2478 2722 2780 2808 aequoris
2804 2746 3005 2804 pres-

1950 2832 2035 2895 sit
2068 2832 2247 2911 pede.

1950 2952 2180 3018 Perist.
2230 2952 2316 3017 X.
2368 2954 2524 3017 970:

2014 3058 2471 3124 nundinatum
2515 3060 2698 3124 hune
2744 3063 2999 3146 arguit,

1772 3250 1777 3255 .
1820 3168 2115 3233 Mercede
2160 3171 2335 3230 certa
2368 3173 2601 3247 paetus
2644 3172 2723 3230 ut
2768 3168 3003 3232 conlu-

1910 3271 2109 3337 deret.

1952 3388 2179 3452 Perist.
2230 3386 2319 3452 X.
2364 3389 2573 3453 1016:

1829 3495 2089 3559 Tabulis
2142 3513 2425 3578 superne
2446 3500 2673 3581 ‘strata
2740 3500 3002 3559 texunt

1897 3601 2176 3681 pulpita.
2534 3586 2537 3593 ¹

1952 3714 2179 3779 Perist.
2229 3714 2348 3780 XI.
2400 3716 2513 3780 42:

1821 3821 1943 3886 Illo
2002 3841 2297 3906 namque
2356 3820 2460 3886 die
2524 3821 2740 3885 Roma
2786 3842 3000 3889 seces-

1910 3933 2097 4004 serat,
2146 3928 2323 4013 ipsos

1820 4033 2010 4099 Peste
2074 4033 2495 4099 suburbanos
2560 4040 2637 4098 ut
2702 4042 2999 4116 quate-ret

1897 4142 2215 4222 populos(
2420 4130 2425 4137 ¹

1954 4254 2180 4321 Perist.
2229 4254 2350 4321 XI.
2401 4257 2691 4321 90—96:

1983 4362 2117 4427 duo
2164 4368 2413 4448 cogunt
2458 4360 2773 4427 animalia
2822 4361 2999 4427 freni

1820 4470 2061 4554 Ignara
2140 4470 2401 4534 insueto
2477 4468 2759 4535 subdere
2834 4471 2993 4535 eolla

1908 4599 2069 4661 enyo,
