3099 5409
1063 503 1168 522 ..---
1265 467 1540 531 15-—

69 664 396 731 adiectivo
439 663 818 751 «turgidus»
861 644 1026 729 usus
1043 741 1049 753 .
1067 668 1167 727 est
1209 662 1281 727 in
1317 662 1495 729 mari
1539 661 1951 748 appellando.
2032 663 2137 729 Ex
2173 663 2279 731 his
2310 645 2525 733 causis

71 774 305 839 rationi
355 772 626 839 criticae
661 770 873 856 magis
903 766 1298 855 respondere
1341 768 1511 833 mihi
1541 767 1819 847 videtur,
1870 776 1949 835 ut
1976 770 2377 857 accipiamus
2406 786 2525 865 pro
2637 822 2641 827 .

71 880 366 964 genuina
412 877 681 945 Horatii
734 876 1058 963 scriptura
1117 873 1286 939 illud
1341 895 1561 941 «mare
1614 874 2021 961 turgidum»,
2078 876 2183 943 vel
2236 877 2322 943 cb
2378 898 2525 945 eam

75 1007 345 1052 causam
359 1039 375 1065 ,
459 984 642 1070 quod
705 982 897 1049 facile
961 981 1352 1068 explicatur,
1421 982 1759 1067 quomodo
1822 981 2071 1049 librarii
2139 982 2211 1051 in
2265 983 2528 1051 Horatii

75 1092 418 1157 codicibus
467 1088 914 1156 describendis
961 1088 1507 1157 aberraverintin
1536 1088 1755 1157 tritius
1799 1088 1967 1155 illud
1996 1089 2295 1169 verbum,
2324 1089 2527 1175 ,quod

75 1208 158 1263 tot
195 1198 435 1285 poetis
479 1198 804 1263 usitatum
847 1200 974 1274 est,
1039 1216 1244 1280 quam
1291 1195 1629 1281 quomodo
1674 1196 2073 1261 contra-rium
2122 1196 2377 1269 factum
2422 1198 2523 1261 sit.

75 1307 301 1391 Neque
352 1305 756 1391 proprietate
803 1302 988 1369 verbi
1030 1303 1126 1367 ita
1169 1308 1459 1388 praestat
1502 1302 1687 1369 velut
1733 1302 1971 1389 οἴδματι
2017 1314 2211 1389 κῦμα,
2262 1310 2353 1368 *ut
2400 1303 2527 1369 hac

77 1414 144 1477 sle
193 1432 420 1478 causa
464 1401 904 1479 Prudentium
919 1464 933 1490 ,
993 1408 1136 1475 aliis
1189 1408 1350 1475 locis
1410 1410 1740 1494 optimum
1800 1409 2062 1475 Horatii
2122 1416 2359 1475 testem
2402 1430 2527 1475 res-

77 1540 366 1605 puamus
417 1524 538 1583 aut
581 1516 746 1583 adeo
793 1517 934 1583 eius
979 1515 1183 1582 verba
1229 1537 1312 1581 ex
1357 1516 1733 1581 coniectura
1776 1526 2134 1583 mutemus,

493 1746 858 1815 HORArms.
1727 1745 2168 1813 PRUDENrms

196 1879 253 1922 c.
313 1858 368 1922 Ι.
424 1856 529 1921 25.
581 1856 650 1921 2:
720 1934 724 1941 ,
1495 1854 1723 1919 Perist.
1764 1854 1857 1942 ¹X.
1898 1838 2065 1921 ‘1162
2181 1887 2187 1894 -

54 1964 350 2030 'Parcius
397 1963 664 2027 iunctas
719 1961 1032 2047 quatiunt
1069 1961 1256 2025 fene·
1362 1959 1731 2040 Tundatur‚
1778 1962 2018 2047 inquit,
2066 1968 2249 2049 terga
2296 1964 2530 2028 crebris

153 2077 336 2135 stras
597 2135 605 2139 ,
656 2065 662 2073 ’
1453 2069 1681 2133 ictibus
2102 2148 2105 2161 Ι

81 2180 365 2242 [debibus
391 2176 628 2242 crebris
651 2174 924 2238 iuvenes
946 2174 1250 2259 protervi.
1363 2172 1782 2260 Plumboque
1814 2175 2035 2242 cervix
2061 2174 2401 2241 verberata
2424 2196 2527 2241 ex-

1450 2280 1726 2349 tuberet.
2485 2284 2489 2287 ’

249 2406 480 2483 Quem
511 2404 733 2470 locum
770 2389 1117 2470 Prudentii
1163 2405 1220 2469 si
1255 2406 1575 2470 memoria
1613 2407 1933 2473 tenuisset
1980 2406 2337 2487 BentleiUS,
2388 2406 2529 2472 sine

81 2514 280 2578 dubio
315 2512 649 2578 attulisset
679 2511 762 2577 ad
796 2533 989 2577 suam
1021 2512 1418 2577 sententiam
1451 2512 1869 2593 firmandam,
1906 2534 1988 2579 ex
2018 2534 2153 2599 qua
2180 2521 2529 2601 tamquam

79 2619 550 2692 Horatianam,
585 2617 881 2683 defendit
945 2618 1344 2704 scripturam
1401 2619 1681 2684 «ictibus
1736 2620 2013 2686 crebris»
2027 2673 2040 2686 .
2134 2620 2262 2685 Sed
2316 2620 2529 2685 multo

79 2729 298 2812 plures
367 2733 434 2817 et
495 2725 796 2791 meliores
857 2731 1054 2818 testes
1121 2725 1294 2790 inter
1367 2725 1623 2792 codices
1686 2727 1889 2793 habet
1950 2729 2142 2794 lectio
2212 2726 2531 2794 «iactibus

79 2835 388 2914 crebris»,
438 2836 610 2918 quae
653 2853 770 2918 per
815 2853 884 2897 se
929 2833 1175 2922 optime
1221 2833 1372 2898 ferri
1407 2839 1647 2918 potest:
1697 2855 1857 2898 nam
1904 2834 2087 2919 quod
2130 2819 2303 2900 recte
2346 2833 2531 2898 intel-

79 2941 234 3006 lexit
281 2939 650 3024 CruquiuS,
711 2939 966 3004 iaciunt
1016 2939 1290 3005 iuvenes
1345 2939 1596 3026 lapides
1642 2939 1729 3004 ad
1774 2940 2092 3006 fenestras
2136 2940 2528 3026 puellarum,

81 3057 144 3114 ut
211 3069 330 3113 eas
389 3067 426 3111 e
480 3067 715 3110 som-no
781 3047 1100 3111 suscitent
1164 3053 1228 3111 et
1281 3046 1541 3112 aditum
1603 3046 1729 3113 sibi
1779 3040 2039 3134 'parent
2138 3048 2318 3124 Quid
2380 3069 2533 3115 vero

80 3156 150 3220 de
201 3153 558 3220 Prudentii
604 3175 798 3220 versu
845 3155 1264 3220 statuamus?
1341 3154 1602 3220 Scilicet
1644 3155 1943 3222 imitatus
1991 3163 2089 3220 est
2131 3154 2533 3220 Prudentius

81 3262 313 3326 eodem
399 3259 620 3326 studio
696 3267 896 3346 atque
964 3261 1326 3328 Horatium
1385 3261 1781 3347 Vergilium,
1854 3265 1973 3348 qui
2044 3263 2301 3348 scripsit
2363 3261 2527 3327 Aen.

81 3367 210 3432 ΧΠ
218 3420 229 3431 .
289 3370 327 3431 7
341 3367 450 3432 13;

562 3469 568 3474 ’
1041 3463 1190 3523 tum
1240 3460 1489 3526 crebros
1535 3459 1805 3524 ensibus
1852 3463 2015 3526 ictus

846 3561 1354 3648 Congeminant.

217 3847 340 3935 [R]
394 3853 514 3912 sat.
562 3847 646 3912 H.
699 3851 757 3912 8.
810 3850 923 3914 95:
1500 3839 1791 3918 Dittoch.
1840 3855 1954 3918 45:

83 3957 168 4024 Ut
233 3955 446 4022 nihil.
481 3955 754 4020 omnino
818 3962 1256 4041 gustaremus
1367 3959 1695 4025 Fervebat
1738 3960 1849 4026 via
1893 3961 2068 4026 sicca
2115 3961 2317 4046 eremi

163 4065 360 4131 velut
405 4061 536 4126 illis
1290 4094 1294 4100 ·
1459 4068 1855 4148 serpentibus
1901 4069 2082 4132 atris.

87 4169 368 4236 Canidia
417 4167 760 4257 adflasset,
791 4169 974 4255 peior
1010 4192 1261 4252 serpen-

175 4280 352 4343 tibus
401 4275 610 4356 Afris.

258 4398 538 4466 Horatii
594 4398 850 4464 codices
899 4401 1230 4468 fluctuant
1272 4403 1444 4468 inter
1510 4403 1961 4489 «serpentibus
2017 4405 2211 4469 atris»
2266 4413 2331 4469 et
2384 4425 2542 4468 «ser-

87 4509 402 4593 pentibus
466 4503 720 4582 Afris»;
799 4505 1142 4574 Bentleius
1217 4509 1386 4575 illud
1448 4511 1708 4596 recepit.
1822 4510 1950 4576 Sed
2005 4533 2178 4593 cum
2242 4510 2537 4590 Canidia,

87 4615 365 4682 Horatio
397 4631 727 4698 perquam
761 4612 1008 4694 odiosa,
1063 4617 1169 4682 cui
1217 4616 1362 4682 aliis
1410 4616 1571 4682 locis
1620 4617 1797 4682 dirae
1828 4618 2157 4685 veneficae
2206 4617 2538 4698 detrectat,
