3099 5409
1513 462 1991 526 *30*

919 664 1282 730 HORArmS.

664 812 760 879 ep.
811 793 894 857 II.
948 793 1007 857 2.
1065 792 1227 856 165:

984 898 1258 962 fortasse
1302 895 1609 960 trecentis

531 1007 670 1070 Aut
733 1005 933 1070 etiam
1001 1025 1201 1090 supra
1260 1023 1697 1067 nummorum

617 1116 871 1179 milibus
917 1119 1236 1201 emptum..

667 1524 960 1634 [s0h.]'0.
1011 1547 1061 1612 1.
1113 1512 1223 1611 24J
1267 1547 1349 1649 c:
1439 1504 1443 1509 ’

617 1654 743 1720 Oui
786 1654 1011 1721 Pudor
1056 1659 1120 1718 et
1166 1655 1462 1718 Iustitiae
1505 1673 1701 1729 soror,

534 1763 924 1848 Incorrupta
942 1761 1158 1839 Fides,
1185 1758 1502 1844 nudaque
1521 1756 1703 1826 Veri-

625 1875 727 1934 tas

536 1975 822 2056 Quando
855 1975 1072 2041 ullum
1101 1973 1402 2042 inveniet
1422 1994 1650 2058 parem
1668 1972 1702 2036 *Ρ

671 2131 769 2195 ep.
818 2110 868 2175 Ι.
921 2111 980 2175 6.
1031 2110 1145 2174 43:

539 2215 784 2282 ‘tamen
837 2222 931 2281 =et
1005 2236 1321 2301 quaeram
1398 2219 1464 2278 et
1539 2219 1704 2298 quot

624 2323 886 2389 habebo

541 2427 855 2509 Mittam’;
895 2435 1045 2515 post
1073 2428 1274 2514 paulo
1299 2428 1542 2508 scribit,
1573 2427 1701 2492 sibi

626 2542 806 2605 milia
853 2540 1125 2621 quinque

817 2646 979 2712 Esse
1025 2644 1205 2710 domi
1251 2641 1701 2728 chlamydum.

673 2802 770 2865 ep.
821 2780 904 2845 ΙΙ.
957 2781 1014 2844 2.
1074 2781 1223 2843 199:

539 2887 892 2972 Pauperies
936 2883 1267 2950 inmunda
1305 2889 1531 2948 tamen
1558 2907 1705 2966 pro-

631 2995 730 3059 cul
765 2996 946 3059 absit.

953 4361 954 4365 ,
1007 4305 1088 4369 87
1116 4326 1243 4390 sq.:

953 4432 1063 4497 iga
1101 4433 1238 4477 non
1271 4415 1381 4494 fas
1409 4414 1709 4494 nefasque

953 4526 1038 4584 >nt

953 4647 1056 4690 ere
1101 4627 1446 4692 humanam
1492 4627 1705 4691 vicem.

2168 654 2607 717 PRUDENTIUS.

1941 778 2228 844 Dittoch.
2286 779 2397 842 19:

1804 887 1877 951 in
1950 887 2161 975 terris·
2222 883 2539 970 quoniam
2628 881 3004 967 peregrina

1894 998 2193 1057 moratur

1731 1177 1735 1182 ¹
1808 1102 2069 1166 Iustitia
2138 1106 2321 1181 atque
2388 1097 2618 1163 Fides:
2684 1095 2815 1158 hoc
2888 1093 2999 1157 illi

1895 1208 2149 1272 milibus
2194 1211 2485 1286 emptum.

1809 1313 2178 1400 Spelaeum,
2228 1314 2501 1375 'sanctae
2532 1308 2805 1397 requies
2861 1308 2997 1371 ubi

1897 1425 2087 1506 parta
2130 1418 2391 1485 favillae
2438 1421 2550 1480 est.

1942 2095 2231 2162 Dittoch.
2287 2095 2413 2159 146
2436 2117 2447 2158 :

1812 2417 1939 2482 His
2002 2415 2356 2480 hominum
2420 2413 2597 2499 large
2661 2415 3005 2480 saturavit

1900 2526 2079 2590 milia
2127 2526 2415 2607 quinque.

1946 2764 2188 2850 Apoth.
2241 2764 2401 2828 487:

1910 2871 2085 2936 lotus
2118 2872 2348 2952 procul
2392 2871 2556 2935 absit
2601 2873 2665 2932 et
2710 2875 2994 2934 unctus,

1948 2978 2017 3043 c,
2068 2977 2131 3043 s.
2181 2977 2230 3042 1.
2284 2957 2399 3041 39':

1814 3084 2038 3169 thue
2084 3082 2457 3169 superstitio
2490 3087 2790 3147 veterum
2828 3106 2995 3164 pro-

1904 3193 2003 3257 cul
2045 3192 2211 3256 absit
2253 3211 2549 3256 avorum.

1948 3298 2136 3363 Cath.
2185 3298 2302 3363 III.
2355 3298 2466 3362 58:

1814 3407 2002 3471 Absit
2047 3405 2226 3469 enim
2265 3405 2489 3486 procul
2530 3402 2645 3467 illa
2690 3402 2939 3469 fames,

1948 3511 2135 3577 Cath.
2186 3512 2304 3577 III.
2360 3513 2512 3576 176:

1814 3618 2118 3683 Haustus
2164 3638 2430 3683 amarus
2476 3619 2679 3682 abesto
2721 3621 3003 3699 procul!

1949 3724 2135 3790 Cath.
2188 3725 2303 3792 VI.
2360 3726 2511 3789 137:

1816 3834 2064 3913 Procul,
2113 3855 2152 3898 ο
2186 3836 2415 3915 procul
2458 3836 2830 3919 vagantum

1816 3940 2129 4004 Portenta
2174 3940 2649 4026 sompniorum‚

1817 4048 2051 4112 Procul
2094 4056 2216 4114 esto
2262 4047 2589 4132 pervicaci

1816 4153 2279 4239 Praestigiator
2323 4157 2507 4219 astu!

1951 4287 2139 4354 Cath.
2188 4288 2306 4353 III.
2363 4288 2517 4353 134:

1816 4394 1955 4460 Fas
1999 4396 2297 4477 nefasque
2343 4394 2542 4459 simul
2584 4391 3001 4478 glomerans

1816 4501 2009 4587 Inpia
2053 4502 2331 4566 crimina
2376 4507 2585 4567 morte
2630 4498 2772 4563 luit.
