3099 5409
2074 303 2082 345 ¹

1092 383 1571 448 *39-

523 558 884 643 HORATIUS.

94 703 379 766 Sublimi·
424 704 659 783 feriam
703 704 918 768 sidera
962 705 1204 768 vertice.

225 1381 284 1424 c.
340 1360 394 1424 I.
451 1359 553 1424 352
604 1359 674 1422 4:
758 1361 761 1366 ’

534 1465 640 1531 vel
686 1464 1002 1550 superbos

97 1574 379 1639 Vertere
422 1574 752 1655 funeribus
797 1573 1164 1653 triumphos.

230 1933 338 1998 ep.
391 1910 474 1977 H.
525 1912 586 1975 3.
641 1910 793 1974 111:

103 2019 260 2084 Post
319 2018 510 2084 effert
555 2015 764 2081 animi
816 2018 1038 2080 motus
1082 2016 1276 2079 inter·
1398 2019 1399 2022 ’

172 2134 366 2208 prete
412 2128 648 2210 linqua.

234 2380 290 2423 c,
342 2357 460 2423 ΙΠ.
512 2313 571 2424 3.
623 2362 735 2427 65:

107 2465 225 2529 Ter
272 2468 335 2531 si
380 2474 672 2550 resumat
708 2492 933 2536 murus
978 2472 1273 2537 aheneus

108 2573 392 2637 Auctore
481 2572 778 2656 Phoebo,
865 2582 964 2643 ter
1052 2586 1274 2664 pereat

185 2718 277 2725 ——
327 2716 547 2726 ——·-—.

233 2930 288 2974 c.
337 2909 422 2974 II.
480 2912 578 2976 13.
634 2914 742 2978 19:

509 3019 625 3083 sed
671 3022 1000 3103 inprovisa
1023 3024 1154 3090 ‘leti

109 3124 220 3188 Vis
271 3127 491 3206 rapuit
534 3127 876 3218 rapietque
912 3136 1166 3215 gentes,

227 3908 278 3952 c,
327 3886 376 3951 Ι.
428 3888 531 3951 37.
585 3889 702 3953 28:

728 4001 804 4059 ut
850 4004 1062 4062 atrum

112 4100 374 4186 Corpore
423 4102 765 4168 conbiberet
811 4126 1131 4171 venenum.

1331 3009 1662 3105 ¹Praepes
1735 3021 1915 3085 enim
1990 3020 2289 3088 volucres

1752 579 2190 644 PRunnNmms.

1406 704 1647 769 Vei-tice
1708 705 2019 782 sublimi8‚
2091 704 2383 771 cinctum
2450 703 2559 767 cui

1477 809 1774 875 nubibus
1822 809 1979 875 atris

1387 915 1833 1001 Anguiferum
1879 924 2094 1003 caput.
2150 956 2228 963 --
2284 954 2360 965 -—-
2416 954 2494 993 -ss-

1525 1021 1717 1108 [Scir]
1766 1022 1967 1088 Ham.
2024 1025 2188 1088 111:
2531 1020 2537 1030 “

1386 1127 1601 1209 UnUS,
1651 1130 1766 1208 ais,
1808 1130 1979 1196 tristi
2008 1132 2239 1196 residet
2268 1130 2556 1196 sublimis

1341 1285 1347 1290 .
1473 1239 1547 1301 in
1592 1259 1753 1303 arce.

1521 1361 1723 1427 Ham.
1780 1362 1931 1426 148:

1387 1468 1589 1534 Porro
1646 1468 1971 1555 giganteis
2032 1467 2193 1533 alios
2236 1466 2554 1532 luctando
2625 1479 2629 1488 '

1474 1574 1732 1640 lacertis

1350 1679 1353 1685 ’
1384 1682 1734 1767 Frangere,
1772 1684 2066 1764 funereos
2095 1681 2227 1746 late
2258 1700 2554 1745 exercere

1473 1791 1841 1871 triumphos,

1516 1913 1718 1979 Ham.
1772 1916 1928 1981 327:

1627 2020 1808 2086 Deus
1854 2042 2245 2108 cognoscere
2289 2024 2553 2084 nosmet

1384 2126 1658 2193 Attactu
1717 2128 1928 2194 voluit
1987 2126 2305 2215 palpandi
2356 2129 2549 2198 inter-

1459 2242 1643 2317 prete
1686 2258 1891 2301 sensu.

1514 2358 1717 2445 Ham.
1766 2361 1923 2425 481:

1379 2465 1452 2529 Si
1482 2465 1807 2531 domitam
1846 2466 2098 2532 Iericon
2136 2466 2317 2533 lituis
2349 2470 2550 2549 atque

1468 2592 1615 2637 aere
1662 2594 1903 2638 canoro

1379 2680 1638 2746 Rursus
1676 2680 1749 2745 in
1785 2680 2093 2765 antiquos
2124 2679 2373 2766 patitur
2411 2700 2548 2745 con-

1466 2809 1723 2873 suryere
1768 2810 1983 2854 muros
1998 2790 2035 2853 ,9

1508 2912 1711 2978 Ham.
1762 2915 1924 2978 536:

2381 3018 2547 3084 dum

1464 3128 1702 3213 pennis
1748 3128 2114 3193 transvolat
2158 3147 2353 3192 auras

1376 3234 1716 3315 Improvisa
1804 3239 2013 3315 venit,
2107 3255 2230 3300 nec
2311 3233 2550 3298 stridor

1462 3341 1732 3406 nuntiat
1777 3347 1933 3405 ante

1376 3448 1764 3516 Adventum
1818 3449 1928 3512 leti
1938 3501 1951 3526 ,
2010 3467 2215 3532 quam
2260 3446 2540 3533 pectoris

1463 3555 1691 3621 abdita
1734 3561 2004 3641 rumpat

1373 3662 1688 3729 Securam
1735 3665 1994 3744 rapiens
2040 3661 2365 3726 medicato
2405 3660 2544 3727 vul-

1459 3790 1615 3834 nere
1660 3769 1887 3835 vitam.

1502 3894 1707 3960 Ham.
1758 3896 1914 3959 609:

1871 4001 1957 4065 ab
2004 4021 2113 4065 ore

1368 4108 1652 4194 Vipereo
1683 4109 1985 4174 infusum
2016 4107 2108 4172 sic
2132 4109 2398 4174 conbibit
2425 4105 2541 4170 illa

1450 4239 1776 4290 *venenum

1498 4323 1725 4388 Perist.
1775 4322 1861 4387 X.
1918 4323 2114 4387 1040:

1364 4428 1594 4493 Donec
1633 4452 1916 4495 eruorem
1945 4435 2125 4493 totus
2158 4436 2370 4494 atrum
2402 4449 2541 4493 con-
2586 4503 2588 4505 ¹

1456 4537 1642 4602 bibat.
