3099 5409
1101 422 1579 532 413„-

290 663 524 747 Neque
582 684 737 727 vero
783 661 1162 727 Bentleium
1214 668 1386 727 recte
1429 663 1743 747 pressisse
1805 669 1969 748 puto
2015 683 2375 727 numerum
2419 683 2563 728 vac-

59 789 64 811 ¹
109 791 371 834 carum:
441 767 845 855 premendus
891 769 1059 833 mihi
1105 768 1366 838 videtur
1409 789 1749 844 ¹numerus
1804 769 2224 854 pontificum,
2294 770 2437 854 qui·
2466 777 2568 834 est

65 943 68 953 ,
107 874 402 962 pluralis
483 875 553 940 Si
599 875 944 962 pontifices
988 875 1304 943 dicuntur
1340 875 1583 961 plurali
1630 877 1927 955 flumem,
1974 875 2265 962 insignia
2310 897 2557 954 eorum,

51 968 59 1052 ¹]
109 1003 284 1067 quae
339 982 700 1067 unicuique
744 982 1009 1067 propria
1055 989 1240 1062 sunt,
1305 989 1370 1046 et
1423 982 1571 1068 ipsa
1624 981 1865 1068 plurali
1918 1003 2197 1046 numero
2250 983 2411 1068 poni
2454 1003 2564 1067 po-

47 1102 55 1155 s
107 1097 414 1168 tuerunt;
475 1090 529 1154 si
584 1089 906 1174 legeretur
967 1089 1395 1174 «pontificum
1451 1089 1797 1169 securim»,
1862 1088 2043 1174 quod
2098 1090 2298 1158 etiam
2342 1089 2562 1154 Kiess-

109 1197 358 1282 lingius
396 1196 468 1261 in
505 1202 764 1261 textum
796 1196 1056 1281 recepit,
1107 1193 1335 1261 eodem
1383 1195 1526 1260 iure
1574 1202 1773 1282 atque
1819 1195 2159 1261 Bentleius
2202 1195 2276 1260 in
2320 1193 2567 1260 tradita

111 1303 436 1390 scriptura
499 1301 910 1381 offendebat,
988 1301 1384 1368 desideraret
1447 1302 1687 1389 aliquis
1744 1301 2147 1388 sin'gularem
2204 1321 2563 1366 numerum

110 1410 310 1474 etiam
357 1409 672 1494 genetivi:
730 1407 1095 1494 «pontificis
1143 1409 1489 1474 securim».
1578 1408 1764 1485 Quae
1812 1408 2133 1494 scriptura
2180 1430 2319 1472 non
2350 1408 2565 1494 magis

109 1515 520 1584 desideratur
564 1533 770 1600 quam
815 1535 856 1578 a
900 1514 1199 1579 Bentleio
1229 1521 1506 1601 recepta.
1586 1515 1819 1600 Neque
1866 1513 2236 1599 quidquam
2282 1513 2563 1600 probare

109 1628 328 1706 potest
372 1620 574 1700 locus,
625 1641 826 1706 quem
872 1621 1211 1686 Bentleius
1258 1621 1480 1686 attulit
1525 1621 1722 1707 Verg.
1773 1623 1939 1686 Aen.
1988 1621 2071 1687 11.
2124 1624 2280 1687 223:

481 1745 726 1822 Quales
771 1746 1070 1832 mugitus
1115 1745 1287 1830 fugit
1332 1767 1488 1810 cum
1539 1746 1802 1810 saucius
1849 1766 2035 1810 aram

479 1853 758 1931 TauruS,
809 1859 873 1916 et
917 1856 1224 1918 incertam
1271 1852 1562 1917 excussit
1608 1853 1855 1918 cervice
1901 1854 2189 1920 sec-urim.

289 1977 466 2042 Nam
509 1979 638 2044 hoc
682 1977 826 2044 loco
873 1978 1167 2063 loquitur
1209 1984 1404 2064 poeta
1450 1977 1532 2042 de
1579 1984 1768 2044 tauro
1801 1977 2013 2044 securi
2056 1978 2192 2042 iam
2237 1979 2386 2058 ict0,
2438 1976 2557 2041 sed·

111 2083 283 2149 male
329 2083 486 2161 ict0;
554 2084 672 2149 ubi
717 2085 1029 2169 quisnam
1078 2083 1360 2170 cogitare
1414 2089 1635 2170 potest
1689 2084 1770 2150 de
1826 2083 2131 2170 pluribus
2178 2083 2563 2149 securibus?

111 2211 329 2275 neque
374 2191 501 2256 hoc
547 2191 689 2256 loco
737 2191 1198 2276 significantur
1243 2191 1607 2276 pontifices

285 2297 513 2382 Atque
576 2298 775 2364 etiam
830 2297 1273 2363 Prudentium
1327 2297 1573 2382 plurali
1624 2284 1905 2361 numeio
1962 2318 2163 2362 usum
2210 2317 2350 2361 esse
2394 2302 2561 2381 puto

113 2405 196 2468 ob
240 2404 657 2491 pontificum,
709 2426 847 2470 non
894 2425 1244 2477 vaccarum
1291 2425 1652 2468 numerum
1697 2403 2040 2489 pluralem.

293 2511 608 2576 Similiter
651 2513 1103 2578 conformatus
1152 2519 1251 2576 est
1292 2511 1479 2576 locus
1525 2510 1724 2575 Prud.
1776 2509 2012 2594 Psych.
2064 2511 2227 2574 402:

435 2635 564 2702 Sed
609 2637 768 2722 quia
810 2637 1156 2723 paenituit,
1205 2656 1328 2699 nec
1373 2633 1799 2699 lacrimabilis
1843 2633 1957 2699 illa
2004 2639 2119 2713 est,

433 2744 571 2808 Nec
619 2747 851 2828 tinyuit
895 2743 1140 2829 patrias
1188 2742 1515 2807 sententia
1563 2762 1760 2806 saeva
1804 2763 2067 2807 secures,

523 2992 886 3057 HoRATmS.
1367 2998 1372 3005 '
1752 2990 2193 3055 Pmmnmms.

249 3098 370 3185 [DJ
423 3107 540 3165 sat.
591 3100 674 3165 ΙΙ.
727 3102 784 3165 3.
843 3102 996 3165 183;
1525 3096 1593 3161 C.
1648 3096 1711 3161 S.
1761 3096 1811 3161 I.
1869 3098 2023 3161 102:

105 3208 316 3273 Latus
386 3213 461 3271 ut
523 3208 595 3271 in
653 3207 822 3271 circo
885 3206 1161 3291 spatiere
1227 3214 1283 3271 et
1390 3205 1562 3269 Ecce
1594 3203 1797 3267 deum
1826 3204 1899 3267 in
1926 3222 2210 3267 numero
2238 3201 2562 3286 formatus

193 3316 470 3381 aheneus
516 3322 586 3379 ut
631 3322 768 3379 stes.
1479 3318 1536 3375 et
1583 3332 1818 3375 aeneus,
1859 3312 2073 3374 adstat

1389 3417 1631 3481 Graius
1650 3416 1853 3480 homo
1866 3420 2285 3500 augustaque
2300 3390 2563 3479 Numae
2592 3448 2595 3451 ⁴

1474 3522 1845 3609 praefulget
1888 3522 1961 3586 in
2006 3541 2170 3586 arce.
2317 3515 2321 3520 ’

288 3650 440 3727 Quo
468 3650 610 3715 loco
642 3649 828 3714 nullo
867 3649 1065 3714 modo
1098 3648 1387 3714 dubitari
1430 3653 1671 3733 potest,
1707 3646 1872 3731 quin
1909 3644 2088 3730 apud
2118 3643 2558 3709 Prudentium

107 3758 392 3822 verbum
446 3776 761 3821 «aeneus»
814 3778 931 3841 per
975 3762 1105 3821 tres
1159 3754 1515 3839 legendum
1580 3753 1665 3817 sit
1713 3750 2026 3837 syllabas;
2087 3748 2264 3835 quod
2313 3748 2558 3813 Dillen·

106 3866 433 3949 burgerus
466 3864 664 3928 etiam
691 3863 767 3927 in
797 3862 1155 3928 Horatium
1191 3860 1432 3926 inferre
1462 3860 1701 3938 voluit,
1739 3880 1895 3923 cum
1932 3856 2235 3922 codicum
2274 3876 2561 3940 quorun-

110 3971 264 4035 dam
327 3970 722 4055 scripturam
777 3976 930 4034 «aut
992 3990 1235 4033 aeneus
1299 3973 1377 4031 ut
1435 3973 1605 4031 stes»
1669 3966 2005 4050 reciperet:
2064 3981 2433 4047 perperam,
2486 3966 2562 4023 ut

107 4078 276 4142 mihi
340 4074 626 4142 videtur:
695 4096 855 4141 nam
916 4082 1088 4140 recte
1134 4074 1473 4139 Bentleius
1521 4073 1692 4137 dixit
1756 4068 2224 4156 posterioribus
2288 4067 2561 4132 demum

107 4182 390 4248 saeculis
435 4181 838 4247 adiectivum
877 4201 1195 4248 «aeneus»
1233 4202 1350 4266 per
1395 4186 1526 4245 tres
1563 4177 1850 4264 syllabas
1881 4176 2389 4262 pronuntiatum
2422 4194 2562 4238 esse

109 4300 168 4354 et
213 4289 378 4354 inde
424 4296 635 4353 ortam
682 4309 823 4354 esse
868 4289 1306 4353 mutationem
1352 4286 1424 4351 in
1470 4284 1738 4350 Horatii
1782 4290 1989 4362 textU,
2051 4303 2187 4367 qua
2241 4279 2562 4344 traditum

113 4405 251 4461 «et»
326 4396 402 4461 in
456 4402 644 4460 «aut»
713 4402 1051 4461 mutatum
1109 4395 1194 4459 sit
1255 4392 1340 4459 ab
1388 4413 1491 4471 e0,
1557 4391 1673 4475 qui
1720 4411 1857 4454 non
1902 4390 2037 4455 iam
2090 4409 2206 4474 per
2250 4391 2567 4472 quattuor

106 4502 402 4589 syllabas
455 4501 698 4587 legeret
750 4500 1179 4578 vocabulum;
1247 4518 1662 4584 quamquam
1732 4502 1868 4560 «et»
1929 4495 2149 4580 potius
2205 4492 2568 4557 satisfaciat

107 4609 336 4675 sensui
382 4629 589 4693 quam
651 4614 864 4673 «aut».
947 4607 1128 4684 Quin
1183 4626 1336 4672 vero
1382 4602 1786 4669 Prudentius
1844 4621 2069 4667 revera
2112 4600 2309 4664 hunc·
2342 4598 2562 4663 locum
