3099 5409
1517 445 1623 458 ,1,
1716 409 1800 477 32
1892 445 1995 458 1...

929 605 1293 674 HORATIUS.
2158 607 2598 678 PRUDENrms.

673 755 770 821 ep.
819 735 869 800 Ι.
925 737 1026 800 16.
1079 736 1193 801 79:
1944 733 2187 820 Apoth.
2241 737 2398 802 812:

539 843 720 908 Mors
761 842 987 908 ultima
1031 843 1200 906 linea
1241 845 1544 906 rerumst.
1814 839 2285 927 Incomprensa
2329 849 2558 908 manet
2594 844 2825 924 virtue,
2884 846 2993 909 eui

1403 943 1410 952 '
1902 949 2071 1014 linea
2116 947 2275 1013 defit

1826 1054 2095 1134 Ultima,
2184 1075 2389 1140 quam
2464 1057 2756 1143 spatium
2846 1080 2989 1122 non

1903 1162 2347 1228 mensurabile
2392 1164 2623 1230 tendit.
2748 1184 2759 1196 ·

675 1299 792 1357 sat.
843 1293 926 1358 II.
976 1294 1034 1358 3.
1093 1294 1242 1357 166:
1692 1287 1707 1292 “
1944 1287 2144 1353 Ham.
2194 1289 2309 1353 42:

817 1401 985 1486 Quid
1029 1402 1193 1465 enim
1239 1398 1472 1478 differt,
1521 1395 1704 1462 bara·
1816 1396 1985 1476 Quid
2074 1398 2238 1460 enim
2338 1398 2552 1479 differt
2646 1399 2991 1482 generatio

627 1507 864 1572 throne
1902 1501 2184 1588 simplex
2202 1504 2235 1567 ἱ)

532 1613 756 1678 Dones
838 1612 1167 1700 quidquid
1227 1587 1522 1677 hahes?
1614 1632 1703 1676 an

619 1741 971 1805 nunquam
1016 1725 1203 1785 utare
1247 1719 1492 1808 paratis
1509 1719 1543 1782 ἱ)

666 1866 716 1909 c.
766 1844 884 1910 III.
935 1850 996 1912 2.
1055 1845 1168 1913 13:
1942 1842 2142 1907 Ham.
2199 1842 2353 1907 154:

533 1950 740 2016 Dulce
783 1957 846 2016 et
892 1951 1270 2016 decorumst
1303 1972 1441 2038 ,pro
1484 1949 1699 2036 patria
1810 1951 2015 2016 Dulce
2060 1952 2223 2015 mori
2268 1957 2375 2036 esi,
2436 1953 2623 2013 tanta
2682 1949 2759 2012 in
2806 1955 2981 2014 tene-

621 2060 800 2124 mori.
1529 2127 1533 2134 ,
1898 2056 2033 2121 bris
2081 2056 2163 2121 de
2206 2063 2389 2143 peste
2434 2056 2771 2143 voluptas!

672 2162 861 2252 [Son]
912 2186 1010 2251 ep.
1057 2164 1142 2229 II.
1195 2167 1252 2229 2.
1309 2165 1483 2256 105¹:
1941 2163 2141 2228 Ham.
2195 2165 2358 2229 318:

423 2253 428 2265 ¹
536 2269 858 2337 Obturem
879 2272 1144 2352 patulas
1185 2271 1458 2357 impune
1488 2270 1700 2356 legen·
1809 2271 1993 2338 Num
2053 2278 2319 2358 propter
2378 2271 2622 2356 lyricae
2678 2269 2979 2334 modula-

623 2378 804 2444 tibus
852 2401 1057 2444 aures.
1391 2409 1400 2422 ν
1898 2379 2084 2444 mina
2128 2399 2303 2445 vana
2346 2377 2606 2464 puellae

669 2506 768 2571 ep.
817 2485 867 2550 I.
925 2487 1021 2550 18.
1076 2486 1197 2549 70;
1811 2479 2315 2571 Nervorumque
2382 2505 2577 2550 sonos
2643 2487 2708 2548 et
2766 2485 2985 2551 eonvi-

535 2591 599 2657 N
601 2613 674 2658 ee
731 2592 1019 2658 retinent
1059 2593 1324 2674 patulae
1370 2590 1703 2656 conmissa
1904 2594 2049 2660 vale
2096 2592 2368 2660 calentis

623 2698 902 2765 fideliter
947 2722 1154 2766 aures.
1817 2699 2101 2767 Carmen
2145 2699 2478 2785 nequitiae
2497 2700 2765 2782 patulas
2798 2701 2977 2765 Deus

1905 2808 2161 2874 addidit
2204 2811 2443 2875 auree?

671 2931 856 3018 epod.
909 2931 1059 2997 VII.
1117 2936 1187 2997 1:
1949 2933 2185 3019 Psyeh.
2236 2934 2403 2998 352:

542 3041 691 3121 in,
739 3060 872 3123 quo
920 3037 1190 3125 scelesti·
1219 3040 1464 3103 ruitis?
1642 3058 1655 3065 “
1818 3040 1983 3117 Quis
2029 3041 2209 3105 furor
2252 3040 2523 3105 insanas
2569 3039 2779 3123 agitat
2848 3040 2983 3104 cali-

1904 3148 2058 3232 gine
2102 3153 2376 3225 menteS,

1821 3258 1952 3339 Quo
1997 3256 2189 3321 ruitis
2210 3258 2247 3321 .9
2294 3254 2402 3319 eui
2446 3252 2613 3319 eolla
2658 3249 2883 3318 datis?

677 3375 811 3440 Sat.
860 3376 944 3441 ΙΙ.
1001 3377 1054 3439 1.
1113 3377 1222 3441 10:
1952 3378 2019 3444 O.
2071 3378 2133 3444 S.
2185 3380 2267 3444 II.
2320 3380 2483 3445 335:

541 3482 699 3562 Aut,
759 3485 820 3547 si
865 3490 1078 3548 tantus
1141 3505 1320 3549 amor
1378 3482 1709 3575 scribendi
1818 3486 2244 3572 Quamquam
2290 3488 2351 3553 si
2395 3493 2609 3552 tantus
2654 3509 2842 3553 amor
2889 3494 2978 3551 est
3051 3560 3052 3579 ἶ

630 3596 696 3654 te
741 3591 912 3676 rapit
973 3630 1028 3637 —
1105 3630 1192 3655 —.
1234 3630 1300 3637 —
1905 3599 1972 3659 et
2016 3614 2173 3659 eura
2220 3594 2479 3673 vetusti,
2539 3634 2607 3641 -—
2666 3630 2747 3639 -—-
2809 3631 2891 3641 -
3051 3584 3052 3589 ¹

1949 3700 2175 3765 Perist.
2226 3698 2343 3767 VI.
2399 3701 2560 3765 133:

1814 3806 2127 3873 Fratrum
2186 3815 2401 3875 tantus
2461 3830 2639 3873 amor
2702 3806 2916 3872 domu
2924 3829 2979 3871 m

1905 3915 2141 3980 referre
2562 3974 2577 3989 ,

1816 4022 2209 4087 Sanctorum
2236 4022 2519 4089 cinerem
2546 4020 2766 4085 dicata
2790 4020 2981 4085 dona.

675 4164 726 4210 e.
777 4143 826 4210 Ι.
880 4145 938 4209 7.
991 4144 1066 4210 2:
1956 4147 2024 4214 O.
2075 4146 2138 4212 S.
2193 4146 2494 4212 11.352:
2560 4223 2564 4231 ι

541 4250 946 4318 Laudabunt
991 4251 1103 4316 alii
1139 4252 1384 4317 claram
1417 4250 1709 4317 Rhodon
1818 4253 1966 4320 Hoc
2012 4254 2279 4339 signum
2324 4252 2547 4338 rapuit
2592 4254 2864 4317 bimaris
2912 4252 2983 4316 de

629 4364 748 4424 aut
791 4358 1173 4444 Mytilenen,
1906 4368 2120 4446 strage
2176 4360 2482 4426 Corinthi.

541 4465 682 4531 Aut
716 4464 1048 4551 Epheson,
1097 4468 1436 4532 bimarisve
1488 4466 1709 4532 Corin-

630 4574 723 4638 thi
765 4572 1049 4653 Moenia,
1097 4610 1183 4619 ——
1236 4612 1302 4619 -
1363 4612 1452 4621 —-
