3099 5409
961 652 1324 719 HoaA'rrUs.
1986 703 1989 708 .
2014 714 2023 727 ,
2189 650 2629 715 PRUDENTms.

529 758 830 833 ‚Crevere
855 760 1024 825 vires
1057 759 1368 845 famaque
1399 766 1464 824 et
1485 758 1722 843 imperi
1836 757 2082 842 Vesper
2154 757 2395 851 habet,
2466 780 2670 825 roseos
2743 763 2808 823 et
2883 758 3009 841 qui

501 944 508 951 .
551 864 858 930 Porrecta
903 866 1211 931 maiestas
1259 868 1348 931 ad
1389 872 1566 930 ortu-s
1834 941 1839 947 ⁵
1918 885 2135 929 novus
2170 864 2423 951 'excipit
2468 872 2658 930 ortus.

551 970 721 1037 Solis
767 971 853 1037 ab
900 971 1222 1059 Hesperio
1269 972 1488 1037 cubili.
1557 1023 1563 1032 ,
1828 967 1970 1057 (Ex
2047 970 2370 1055 scriptura
2446 970 2585 1035 cod.
2671 970 2821 1035 Put.
2917 970 3003 1035 cf.

1713 1089 1717 1094 '
1918 1098 1981 1162 p.
2034 1074 2119 1163 2.)

731 1200 937 1267 Pauci
967 1201 1229 1267 Horatii
1279 1201 1532 1267 codices
1578 1200 1905 1265 inferioris
1950 1192 2274 1265 momenti
2317 1200 2443 1265 hoc
2487 1198 2630 1265 loco
2674 1199 3009 1285 praebent

557 1313 876 1373 «ortum».
929 1308 1308 1393 Utrumque
1339 1328 1493 1373 suos
1526 1313 1826 1373 auctores
1853 1306 2096 1373 habere
2128 1306 2288 1372 dicit
2318 1306 2673 1384 BentleiuS,
2710 1306 2825 1371 sed
2854 1308 3005 1393 ipse

556 1420 852 1480 «ortum»
903 1414 1157 1500 probat,
1207 1436 1292 1478 ne
1322 1414 1513 1479 toties
1564 1412 1782 1479 sibilet
1825 1413 2011 1479 litera
2047 1413 2092 1477 S
2124 1414 2196 1478 in
2240 1413 2368 1479 hoc
2403 1398 2613 1479 rei-su.
2688 1412 2817 1478 Sed
2866 1414 3003 1478 hac

545 1521 802 1587 ratione
833 1520 990 1586 duci
1020 1542 1158 1586 non
1195 1520 1426 1585 debuit
1460 1520 1563 1585 vir
1593 1519 2031 1600 doctissimus,
2082 1542 2240 1585 nam
2288 1521 2487 1585 etiam
2517 1520 2590 1585 in
2620 1519 2763 1585 aliis
2800 1522 3005 1585 versi-

549 1626 678 1693 bus
710 1627 895 1693 litera
927 1626 971 1693 S
1007 1634 1108 1691 ter
1136 1625 1241 1693 vel
1271 1633 1504 1711 quater
1535 1625 1783 1705 sibilat,
1832 1627 2017 1693 velut
2057 1626 2260 1691 huius
2306 1626 2615 1692 carminis
2648 1647 2842 1691 versu
2878 1629 3001 1691 25:
3041 1658 3042 1711 3

727 1734 997 1819 Nosque
1044 1740 1108 1799 et
1151 1733 1456 1819 profestis
1501 1732 1767 1798 lucibus
1812 1741 1876 1798 et
1922 1734 2138 1803 sacris.
3041 1806 3042 1809 Ἴ

729 1840 962 1927 Neque
1010 1840 1381 1927 quidquam
1443 1839 1685 1905 lucrari
1735 1862 2092 1926 possumus
2147 1840 2231 1906 ad
2280 1839 2539 1905 Bentlei
2598 1841 3005 1905 sententiam

547 1946 946 2013 firmandam
982 1969 1066 2011 ex
1094 1946 1298 2012 altero
1328 1946 1675 2015 Prudentii
1722 1946 1883 2026 loco,
1933 1948 2051 2032 qui
2080 1946 2321 2032 legitur
2348 1946 2575 2011 Perist.
2611 1946 2796 2013 XIII.
2840 1949 3004 2012 102:

723 2054 861 2120 Nec
906 2053 1158 2139 Libyae
1202 2052 1483 2139 populos
1527 2059 1797 2119 tantum
1842 2055 2024 2139 regit,
2076 2054 2211 2118 exit
2257 2074 2469 2139 usque
2513 2056 2583 2119 in
2629 2061 2836 2135 ortum

700 2202 708 2209 ⁴
776 2240 782 2244 -
827 2158 996 2225 Solis
1043 2166 1106 2224 et
1153 2180 1365 2245 usque
1411 2159 1691 2238 obitum,

542 2288 698 2331 cum
743 2267 919 2352 prior
964 2266 1279 2331 traditam
1323 2265 1590 2331 Horatii
1638 2264 2030 2355 scripturam
2074 2264 2308 2331 firmet.

950 2567 1314 2632 HORA'ran,
2012 2628 2018 2637 ,
2181 2567 2621 2632 Pmmnmms.

683 2672 795 2760 [R]
847 2694 899 2740 c.
950 2674 1067 2740 ΠΙ.
1121 2676 1222 2740 23.
1280 2676 1385 2740 12:
1952 2672 2195 2759 Apoth.
2248 2675 2405 2739 461:
3045 2695 3046 2762 χ

542 2781 685 2846 Aut
738 2781 967 2846 crescit
1019 2780 1299 2847 Albanis
1358 2783 1428 2847 in
1487 2780 1710 2846 herbis
1821 2783 2199 2863 Pontificum
2230 2780 2412 2846 festis
2436 2779 2728 2845 ferienda
2751 2786 3000 2847 securi-

539 2888 851 2967 Victima,
892 2891 1265 2970 pontificum
1309 2909 1557 2954 seem-es
1909 2891 2024 2954 bus
2068 2887 2200 2953 illic
2574 2959 2580 2965 ,
3044 2965 3046 2972 Ι

630 2993 894 3061 Cervice
946 2997 1210 3079 tinyuet:
1816 2995 2107 3082 Agmina
2120 3015 2473 3060 vaccarum
2489 3001 2807 3060 steterant
2820 2995 3000 3061 vitu-
3044 2987 3046 2998 ¹

1901 3101 2132 3188 lasque
2177 3100 2470 3166 revincta

1815 3208 2059 3273 Fronte
2076 3214 2421 3272 coronatas
2436 3207 2794 3272 umbrabat
2814 3214 3000 3275 torta

1904 3334 2271 3400 cupressus

719 3437 983 3502 Horatii
1050 3437 1251 3503 verba
1317 3438 1388 3501 in
1459 3437 1798 3504 codicibus
1865 3439 2194 3504 fluctuant
2260 3439 2431 3503 inter
2501 3438 2860 3519 «securim»
2935 3449 3003 3506 et

547 3565 904 3624 «secures»,
974 3543 1089 3608 sed
1149 3545 1271 3624 ita,
1341 3552 1418 3609 ut
1482 3545 1783 3612 meliores
1850 3553 2076 3624 testeS,
2146 3545 2219 3610 in
2287 3545 2531 3630 quibus
2594 3544 2998 3632 PorphyriO,

547 3671 877 3715 «secures»
942 3651 1314 3715 exhibeant.
1410 3651 1668 3717 Tamen
1733 3652 2070 3728 Bentleius
2142 3655 2167 3709 <‘<
2180 3653 2501 3717 securim»
2571 3653 2847 3738 recepit,
2922 3665 3003 3720 ut

537 3759 678 3842 ipse
734 3749 894 3822 dicit
959 3757 1101 3822 «vel
1145 3757 1230 3822 ob
1279 3757 1709 3844 euphoniam,
1772 3780 1856 3823 ne
1901 3765 2000 3823 ter
2044 3758 2456 3823 continenter
2508 3759 2580 3823 in
2635 3759 2680 3824 S
2745 3771 3003 3828 exeant

538 3885 826 3930 versus»
909 3864 1253 3929 Prudentii
1297 3865 1520 3928 locum
1561 3865 1840 3930 afferens
1873 3864 2030 3929 dicit
2074 3865 2169 3930 ibi
2210 3867 2431 3951 plures
2478 3885 2712 3931 vaccas
2758 3866 2997 3949 fuisse,

539 3969 720 4057 apud
765 3971 1122 4036 Horatium
1168 3991 1376 4035 unam
1422 3971 1763 4036 victimam
1810 3989 1975 4036 esse:
2026 3971 2207 4055 quod
2254 3979 2426 4035 recte
2470 3980 2713 4050 monet,
2765 3993 3000 4059 neque

539 4077 844 4142 Kellerus
919 4077 1244 4141 affirmare
1315 4074 1545 4182 debuit
1610 4077 1831 4162 plures
1912 4077 2214 4144 victimas
2294 4076 2449 4156 dici,
2532 4099 2685 4142 cum
2756 4082 2998 4146 statim

542 4190 856 4268 sequatur
870 4207 880 4249 ε

1760 4279 1825 4337 te
1870 4273 2039 4340 nihil
2084 4273 2336 4351 attinet,

1163 4378 1514 4463 Temptare
1560 4377 1771 4443 multa
1820 4379 2017 4445 caede
2064 4379 2436 4446 bidentium

1160 4485 1404 4550 Parvos
1453 4492 1878 4550 coronantem
1925 4487 2182 4550 marino

1161 4591 1333 4656 Rore
1380 4590 1534 4656 deos
1582 4591 1931 4679 fragilique
1976 4599 2212 4678 myrto,
