3099 5409
1519 453 2001 516 ..-16-.

531 625 665 712 boc
737 647 883 712 loco
949 637 1518 724 commemoretur,
1584 645 1800 710 multo
1856 647 2071 731 magis
2118 646 2403 732 quadrat
2448 647 2771 740 scriptura
2823 669 2987 712 «ser-

531 753 846 840 pentibus
894 755 1138 834 Afris>›‚
1205 752 1386 838 quod
1445 752 1532 818 ab
1579 753 1759 818 Afris
1804 753 2226 839 potissimum
2272 753 2689 840 serpentibus
2734 754 2984 839 pericu-
3056 753 3063 818 ἑ

531 860 675 924 lum
729 860 1168 926 metuendum
1225 866 1363 926 erat
1407 866 1673 944 propter
1717 879 2072 926 venenum.
2166 860 2609 926 Prudentium
2652 879 2807 926 vero
2854 860 2985 924 hoc
3048 947 3051 950 ἦ

533 987 801 1052 quoque
846 966 992 1032 loco.
1033 988 1171 1031 non
1216 965 1595 1045 Horatium,
1662 965 1777 1031 sed
1825 965 2196 1052 Vergilium
2244 973 2548 1032 secutum
2603 987 2743 1032 esse
2796 964 2985 1052 putoss
3052 987 3062 1011 ι’

534 1074 651 1159 qui
699 1074 958 1158 scripsit
1003 1071 1236 1158 Georg.
1286 1072 1337 1152 Ι,
1395 1074 1551 1138 129;

711 1179 830 1245 Ille
875 1179 1132 1244 malum
1176 1179 1359 1244 virus
1403 1176 1795 1260 serpentibus
1839 1177 2098 1250 addidit
2142 1182 2323 1244 atris,

810 1453 815 1460 .
923 1389 1286 1461 HonATmS.
2172 1392 2611 1456 PRUDENTIUS.

671 1496 784 1583 [R]
837 1520 888 1562 c.
939 1497 1056 1563 IV.
1106 1499 1166 1564 4.
1223 1500 1332 1563 15:
1944 1497 2170 1562 Perist.
2221 1497 2307 1562 X.
2360 1499 2515 1562 663:

533 1605 900 1682 Qualemve
940 1604 1125 1670 laetis
1158 1598 1394 1690 caprea
1435 1603 1700 1690 pascuis
1808 1603 2007 1668 Hanc
2036 1603 2147 1668 ille
2179 1605 2390 1669 sancti
2418 1605 2724 1688 martyris
2748 1625 2987 1670 vocem

529 1712 798 1796 Intenta
836 1711 1060 1776 fulvae
1085 1711 1318 1775 ‘matris
1365 1709 1451 1775 ab
1496 1710 1701 1775 ubere
1898 1710 2113 1776 libens

530 1817 676 1882 Iam
724 1819 880 1882 lactc
926 1805 1255 1898 depulsum
1299 1815 1560 1881 leonem
1814 1817 2187 1902 Amplexus
2219 1837 2435 1882 unum
2473 1816 2555 1882 de
2593 1823 2854 1883 caterva
2882 1817 2985 1882 in-

533 1923 750 1988 Dente
795 1944 970 1999 novo
1014 1923 1306 2008 peritura
1349 1923 1532 1990 vidit.
1902 1923 2190 1988 fantium

1810 2030 2102 2096 Parvum
2154 2051 2279 2096 nec
2342 2029 2501 2094 olim
2564 2031 2720 2095 lacte
2766 2032 2991 2111 depul-

1820 2124 1828 2133 “
1899 2159 2041 2203 sum
2088 2137 2233 2223 capi

1812 2243 2231 2329 Captumque
2276 2242 2506 2307 adesse
2550 2242 2884 2328 praecipit.

710 2366 792 2432 In
823 2366 1100 2432 Horatio
1139 2364 1621 2432 intolerabilem
1672 2369 2106 2454 tautologiam
2154 2366 2576 2453 deprendisse
2622 2366 2749 2432 sibi
2794 2365 2987 2430 visus

534 2479 632 2538 est
662 2471 1020 2551 Bentleius,
1055 2472 1183 2536 sibi
1211 2472 1337 2538 visi
1369 2481 1528 2538 sunt
1559 2474 1687 2554 alii,
1724 2482 1789 2540 et
1819 2474 2016 2539 multi
2063 2475 2276 2539 multa
2307 2470 2745 2552 coniecerunt,
2795 2471 2987 2556 quod

533 2579 792 2645 dicatur
853 2578 989 2644 leo:
1055 2579 1277 2645 fulvae
1342 2581 1573 2646 matris
1640 2581 1725 2646 ab
1773 2581 1974 2647 ubere
2019 2583 2155 2646 iam
2200 2581 2369 2646 lacte
2416 2573 2782 2666 depulsus.¹
2845 2578 2987 2643 Sed

531 2686 852 2752 Horatius
913 2684 1189 2751 minime
1251 2685 1522 2753 admisit
1592 2689 2028 2775 tautologiam
2092 2688 2292 2768 illam,
2355 2687 2457 2753 leo
2513 2686 2693 2752 enim
2738 2685 2990 2751 dicitur
3066 2691 3068 2700 '

531 2795 667 2859 iam
732 2792 900 2858 lacte
951 2792 1286 2878 depulsus,
1352 2793 1435 2859 de
1489 2816 1723 2881 caprea
1768 2795 2212 2881 intellegenda
2258 2802 2417 2860 sunt
2464 2793 2666 2860 verba
2719 2793 2987 2858 «fulvae

533 2900 764 2991 matris
826 2898 911 2963 ab
960 2899 1226 2979 ubere»,
1294 2890 1488 2985 quae
1513 2900 1981 2985 coniungenda
2027 2906 2185 2966 'sunt
2230 2921 2384 2965 cum
2432 2898 2985 2965 antecedentibus

541 3006 764 3071 «laetis
795 3006 1060 3091 pascuis
1089 3006 1408 3084 intenta»,
1459 3008 1707 3092 quippe
1747 3028 1919 3092 quae
1966 3027 2006 3071 a
2050 3007 2280 3071 matris
2328 3006 2527 3073 ubere
2570 3012 2823 3091 remota
2869 3006 2977 3082 sit,

531 3113 785 3179 victum
815 3114 887 3178 in
913 3114 1177 3198 pascuis
1209 3133 1520 3198 quaerere
1552 3113 1765 3179 debe-t.
1844 3112 2190 3179 Prudentii
2220 3113 2436 3179 verbis
2466 3112 2727 3178 Horatii
2770 3110 2980 3177 verba

531 3220 901 3285 firmantur.

924 3396 1287 3461 HoaAtrms,
2177 3399 2616 3463 PRUDENTHJS.

670 3502 778 3589 [R]
831 3524 883 3567 c.
933 3504 984 3567 I.
1035 3506 1094 3569 9.
1147 3506 1257 3569 24:
1942 3505 2152 3569 Praef.
2210 3505 2317 3568 14:

405 3694 412 3701 .
526 3611 726 3677 Nunc
757 3617 821 3675 et
842 3609 1106 3675 latentis
1137 3610 1432 3695 proditor
1460 3611 1700 3675 intimo

528 3717 772 3781 Gratus
803 3716 1061 3802 puellae
1098 3717 1269 3781 risus
1310 3717 1395 3781 ab
1443 3718 1691 3803 angulo
1808 3717 1986 3783 Exin
2030 3717 2246 3801 iurgia
2291 3715 2591 3782 turbidos

525 3820 910 3908 Pignusque
958 3822 1303 3908 dereptum
1347 3823 1607 3889 lacertis
1806 3823 2174 3888 Armarunt
2222 3823 2481 3888 animos
2528 3828 2592 3887 et
2626 3824 2788 3886 male
2820 3844 2977 3903 per-
3067 3910 3069 3915 ³

523 3927 665 3992 Aut
711 3927 915 4015 digito
961 3931 1124 3995 male
1156 3932 1498 4011 pertinaci.
1897 3934 2080 3995 tinam

1806 4035 2142 4102 Vincendi
2172 4035 2471 4101 studium
2504 4032 2834 4099 subiacuit
2872 4055 2975 4098 ca-

1898 4142 2082 4209 sibus
2128 4142 2394 4228 asperis,

702 4266 848 4331 Hos
911 4288 1140 4331 versus
1205 4267 1548 4332 conferens
1619 4268 1958 4333 Bentleius
2028 4268 2399 4353 scripserat:
2482 4263 2774 4330 «Verum
2839 4263 2977 4328 illic

529 4372 724 4452 ,male
767 4373 1111 4459 perti-nax‘
1175 4380 1274 4438 est
1317 4374 1680 4459 praefracte
1740 4381 1804 4441 et
1872 4373 2199 4439 obstinate
2244 4372 2566 4458 pertinaX‚
2634 4369 2816 4456 apud
2860 4391 2975 4435 no—

526 4485 739 4543 strum
757 4533 770 4559 ‚
840 4480 957 4565 qui
1015 4480 1312 4560 simulat,
1371 4504 1440 4546 se
1493 4484 1898 4569 pertinacem
1958 4503 2097 4547 esse
2151 4488 2217 4545 et
2269 4486 2498 4544 tamen
2542 4477 2975 4563 pertinaciam

526 4605 718 4649 suam
766 4587 1134 4673 expugnari
1181 4588 1423 4673 cupit.»
1522 4589 1649 4655 Sed
1700 4588 1881 4673 quod
1928 4587 2267 4653 Bentleius
2314 4585 2473 4651 dicit
2518 4585 2599 4650 de
2644 4586 2773 4651 hoc
2816 4583 2977 4649 Pru-
