3099 5409
1561 466 1992 530 —6-

560 682 858 729 causam:
941 660 1314 739 «Quorsum
1379 660 1618 726 amabo
1674 658 1843 727 illud
1914 660 2201 740 ,semel“?
2290 660 2511 738 Quam
2567 660 2730 739 vim,
2790 680 3023 745 quam

559 768 956 853 elegantiam
1000 766 1244 832 habet?
1319 766 1597 845 nullam,
1646 767 1895 853 opinor,
1944 773 2023 835 ut
2052 762 2326 852 quidem
2355 766 2465 833 hic
2495 766 2675 858 nude
2702 766 3025 855 posituri]

561 882 627 939 et
655 874 1047 965 destitutum
1079 880 1202 939 est:
1251 873 1380 939 nisi
1411 880 1727 959 sequatur
1755 872 2025 958 aliquod
2056 874 2414 959 epitheton,
2458 872 2643 958 'quod
2672 873 3028 939 iacentem

563 1002 834 1047 sensum
879 980 1249 1059 exsuscitet,
1299 980 1480 1067 quod
1523 982 1711 1047 semel
1747 979 2000 1047 dictum
2048 980 2149 1058 sit,
2200 986 2265 1045 et
2299 1002 2542 1061 sempe-r
2586 980 2818 1045 stabile
2863 1002 3029 1067 per-

563 1094 844 1153 maneat.
917 1086 1150 1172 Neque
1185 1107 1338 1153 vero
1375 1086 1561 1166 illud,
1596 1087 1652 1151 si
1682 1087 1955 1172 sapiam,
1988 1086 2418 1166 laudaverim,
2472 1084 2745 1163 ,stabilis
2775 1108 3040 1151 rerunm

561 1193 884 1260 terminus
946 1197 1198 1260 servet‘.
1293 1192 1636 1271 Quidnam
1686 1180 1967 1259 'obsecro
2030 1192 2139 1258 ille
2195 1194 2447 1259 servet?
2536 1192 2737 1259 Nihil.
2814 1192 3029 1257 Nihil

563 1300 740 1367 enim
788 1301 897 1365 hic
951 1302 1275 1387 sequitur,
1343 1301 1526 1386 quod
1580 1300 1983 1367 servandum
2037 1322 2177 1367 esse
2221 1300 2701 1385 intellegamus.
2796 1301 3029 1366 Hisce

563 1407 876 1473 omnibus
943 1407 1447 1481 difficultatibus
1513 1408 1568 1472 si
1626 1407 1755 1474 levi
1816 1407 2168 1475 verborum
2232 1406 2600 1473 mutatione
2660 1428 3028 1473 occurrere

512 1547 516 1552 ·
562 1521 810 1602 potem,
856 1516 1081 1600 ecquis
1128 1521 1230 1581 est
1270 1514 1434 1580 adeo
1481 1514 1632 1579 duri
1676 1521 1742 1579 et
1780 1514 1899 1579 feri
1928 1514 2195 1599 ingenii,
2245 1520 2323 1581 ut
2366 1513 2713 1581 conatibus
2758 1515 3025 1579 nostris

565 1624 620 1689 si
665 1645 802 1689 non
847 1622 1066 1689 faveat
1111 1629 1175 1687 et
1213 1621 1592 1707 applaudat,
1640 1643 1934 1707 aequum
1979 1621 2211 1687 saltem
2260 1627 2324 1685 et
2354 1618 2714 1685 candidum
2762 1642 2831 1685 se
2864 1642 3042 1703 non¹

563 1730 915 1817 praebeat?
1005 1729 1114 1795 Sic
1157 1729 1384 1815 itaque
1431 1728 1739 1795 emendo:

1078 1836 1350 1921 Vosque
1395 1857 1659 1903 veraces
1704 1836 2033 1915 cecinisse,
2081 1836 2345 1915 Parcae,

1081 1942 1276 2020 Quod
1323 1942 1526 2007 semel
1573 1942 1825 2008 dictum
1872 1934 2125 2009 stabilis
2169 1962 2287 2029 per
2330 1962 2570 2007 aevum

1079 2050 1430 2115 Terminus
1479 2056 1707 2128 servet,
1756 2049 1935 2115 bona
1976 2049 2112 2114 iam
2156 2049 2435 2134 peractis

1551 2155 1813 2241 Iungite
1858 2155 2013 2220 fata.
3043 2175 3044 2240 χ

744 2263 963 2339 Quam
1039 2262 1484 2328 coniecturam
1538 2262 1851 2327 firmabat
1910 2261 2212 2328 versibus
2280 2282 2435 2327 cum
2503 2260 2786 2325 aliorum
2856 2254 3044 2325 tum*

566 2370 910 2436 Prudentii
953 2370 1154 2435 Ham.
1206 2371 1362 2437 660:

883 2478 1148 2543 Excitat
1193 2498 1228 2542 e
1272 2477 1551 2543 tumulis
1596 2477 1899 2543 homines
1944 2475 2262 2561 regnique
2296 2492 2421 2557 per
2464 2498 2683 2541 aevum

993 2584 1350 2669 Participes
1395 2584 1583 2649 iubet
1626 2604 1766 2648 esse
1812 2583 1932 2649 sui.

743 2690 968 2756 Perist.
1019 2688 1125 2756 X.-
1158 2692 1270 2756 83:

998 2797 1086 2863 Ut
1132 2819 1201 2862 se
1236 2821 1359 2880 per
1405 2821 1626 2862 aevum
1672 2797 2149 2862 consecrandos
2196 2802 2568 2863 autument.
3045 2873 3046 2878 ἵ

742 2904 895 2968 Non
949 2904 1343 2969 meminerat
1395 2904 1497 2969 vir
1546 2903 2103 2989 prudentissimus
2149 2903 2489 2969 Bentleius
2542 2903 2765 2968 locum
2811 2885 3046 2968 illunr

565 3009 934 3089 Prudentii,
1007 3031 1208 3095 quem
1269 3029 1470 3094 supra
1539 3010 1845 3095 apposui:
1914 3009 2032 3094 qui
2102 3031 2371 3074 omnem
2437 3009 2603 3074 mihi
2668 3029 3021 3074 removere

565 3118 826 3188 videtur
872 3117 1384 3194 dubitationem3
1433 3137 1597 3181 nam
1640 3116 1788 3182 luce
1833 3114 2071 3181 clarius
2120 3123 2235 3190 est,
2284 3116 2413 3181 illis
2458 3115 2675 3181 verbis
2712 3115 3019 3181 Pruden-

565 3226 736 3291 tium
798 3245 1166 3312 repugnare
1230 3218 1536 3289 Horatio:
1606 3223 1892 3290 Romam
1969 3223 2371 3314 Prudentius
2436 3243 2552 3308 per
2621 3229 3019 3308 temporum

567 3333 800 3398 seriem
844 3338 1171 3397 mutatam
1220 3330 1396 3410 dicit,
1460 3330 1649 3395 cuius
1695 3330 1833 3396 fata
1886 3331 2088 3395 semel
2120 3329 2439 3395 stabilita
2484 3351 2525 3394 a
2568 3328 2791 3394 Parcis
2836 3330 3021 3395 nihil

563 3439 904 3504 immutari
934 3460 1058 3504 nec
1086 3437 1335 3503 moveri
1357 3437 1679 3502 Horatius
1714 3437 2061 3515 cecinerat;
2096 3437 2300 3503 verba
2328 3435 2672 3502 Prudentii
2702 3446 3019 3503 accurate

466 3557 471 3560 '
564 3545 966 3632 respondent
994 3545 1256 3609 Horatii
1299 3543 1515 3610 verbis
1562 3565 1778 3629 neque
1823 3544 2010 3609 aliter
2055 3543 2363 3630 explicari
2408 3549 2559 3629 apte
2602 3547 2837 3629 potest,
2890 3547 3017 3629 qui

566 3653 816 3718 factum
878 3653 987 3732 sit,
1048 3659 1126 3718 ut
1182 3652 1309 3716 hoc
1353 3651 1496 3736 ipso
1539 3649 1685 3716 loco
1741 3650 2143 3715 Prudentius
2202 3650 2307 3716 his
2368 3649 2585 3715 verbis
2631 3649 2809 3716 hanc
2866 3672 3017 3716 sen-

565 3761 842 3825 tentiam
888 3759 1205 3845 proderet.

974 3901 1336 3966 HORATIUS.
2204 3900 2639 3965 PRUDENTms.

708 4007 820 4094 [R]
871 4007 1003 4073 Sat.
1054 4008 1136 4073 H.
1186 4009 1246 4072 4.
1303 4009 1410 4072 19:
1911 4066 1918 4070 .
1974 4006 2051 4072 G.-
2096 4006 2158 4072 S.
2208 4008 2258 4074 I.
2315 4009 2466 4072 127:

547 4115 708 4192 ⁴Nec
769 4115 1017 4201 gallina
1080 4114 1334 4180 malum
1394 4121 1735 4200 responset
1842 4114 2064 4200 Atque
2130 4113 2366 4180 avidus
2434 4112 2573 4178 vini
2644 4112 2859 4177 multo
2937 4137 3011 4179 se

619 4299 622 4304 ,
661 4221 828 4288 dura
872 4221 1110 4307 palatO,
1930 4221 2177 4308 proluit
2219 4221 2485 4298 haustU,

571 4329 822 4395 Doctus
847 4329 970 4394 eris
989 4330 1208 4395 vivam
1233 4336 1433 4394 musto
1456 4351 1735 4394 mersare
1848 4329 2263 4395 Gemmantis
2294 4335 2555 4414 paterae
2588 4327 2843 4414 spumis
2872 4351 3011 4392 mu-

661 4437 957 4502 Falerno.
1932 4445 2145 4520 stoque
2188 4435 2467 4501 Falerno

1846 4542 2260 4608 Perfundens
2339 4540 2643 4626 biiugum
2716 4543 3010 4606 rorantia

1932 4657 2115 4736 terga
2158 4649 2462 4714 ferarum.
2590 4655 2599 4668 ’
