3099 5409
1580 432 2181 494 ——26—ss.

1007 626 1366 691 HonArmS.

735 732 854 818 [D]
905 756 958 799 c.
1007 732 1124 798 IV.
1175 734 1235 797 5.
1285 735 1351 799 5:

599 844 831 909 Lucem
901 843 1090 907 redde
1157 849 1316 921 tuae,
1393 844 1526 908 dux
1594 841 1758 919 bone,

689 947 954 1042 patriae,
1219 950 1248 961 ’“

729 2467 781 2511 0.
829 2446 882 2510 I.
932 2446 1036 2511 37.
1095 2447 1210 2511 13:

594 2553 730 2619 Vix
791 2573 927 2621 una
987 2576 1194 2637 sospes
1239 2554 1428 2620 navis
1476 2555 1553 2619 ab
1599 2544 1760 2637 iyni-

691 2663 820 2728 buS.

727 2790 780 2834 0.
830 2769 880 2834 Ι.
934 2770 1036 2835 28.
1089 2765 1155 2835 8:

595 2879 1058 2965 Tithonusque
1106 2885 1377 2944 remotus
1425 2880 1496 2952 in
1541 2898 1756 2942 auras.

735 3841 930 3928 [Son]
978 3839 1164 3926 epod.
1215 3840 1297 3907 V.
1351 3841 1460 3906 73:

601 3952 750 4017 Non
793 3953 1068 4029 usitatis,
1119 3948 1311 4030 Vare,
1359 3948 1762 4035 potionibus,

602 4059 658 4125 O
705 4058 920 4128 multa
963 4058 1276 4122 fleturum
1324 4062 1541 4154 caput,

599 4166 709 4232 Ad
753 4187 861 4231 me
906 4184 1216 4230 recurres,

733 4297 786 4340 c.
835 4275 917 4340 II.
971 4277 1073 4340 20.
1132 4279 1194 4340 1:

603 4385 752 4450 Non
796 4386 1037 4450 usitata
1083 4403 1204 4448 nec
1249 4382 1432 4448 tenui
1480 4382 1652 4447 ferar

495 4482 502 4493 ’
566 4490 816 4556 —Pinna
883 4489 1182 4557 biformis
1250 4511 1365 4575 per
1433 4488 1766 4575 liquidum

687 4599 970 4663 aethera.

1764 1050 1777 1072 Χ
1874 1050 2007 1128 Qui
2038 1051 2227 1117 certis
2262 1052 2515 1118 vicibus
2548 1058 2846 1138 tempora
2883 1052 3039 1119 div

1933 699 1942 710 l
2234 624 2673 690 Pnunmvrms,

2006 731 2193 798 Oath.
2244 731 2326 797 V.
2382 733 2570 817 lsq.:
2782 799 2787 810 ,

1870 837 2185 903 Inventor
2221 838 2419 917 rutili,
2469 841 2601 905 dux
2632 840 2797 923 bone,
2844 838 3039 902 lum

1959 964 2084 1024 1113,

1960 1157 2061 1223 dis

1870 1212 2085 1332 Merso
2132 1266 2266 1331 sole
2312 1266 2511 1332 chaos
2558 1266 2807 1353 ingruit
2837 1266 3043 1332 horr

1960 1372 2143 1453 dum,
2747 1372 2761 1383 '

1870 1482 2103 1546 Lucem
2134 1482 2325 1547 redde
2364 1481 2509 1561 tuis,
2556 1480 2835 1561 Christe,
2890 1483 3047 1550 fide

1957 1587 2166 1653 Rbus!
2720 1628 2725 1636 -

2004 1692 2075 1761 O.
2126 1694 2189 1760 S.
2238 1696 2288 1761 I.
2340 1698 2498 1761 618:

2082 1825 2380 1869 summos
2425 1802 2693 1889 inpertit
2750 1802 3043 1867 honore>

1870 1912 2031 1977 Duae
2059 1913 2254 1977 bonus
2286 1918 2352 1977 et
2387 1917 2631 1977 certare
2677 1893 2839 1976 sinit
2886 1911 3047 2004 01111

1955 2018 2153 2084 laude
2200 2039 2489 2084 suorum.

1999 2126 2226 2191 Perist.
2276 2125 2559 2191 IILSG:

1872 2236 2031 2301 Dux
2077 2238 2291 2314 bonus,
2340 2234 2582 2301 arbiter
2628 2234 2941 2320 egregius

1870 2342 2209 2428 Sanguine
2253 2340 2545 2428 pascitur
2588 2341 2906 2409 innocuo,

2001 2448 2191 2515 Cath.
2242 2448 2325 2515 V.
2381 2449 2533 2514 135:

1867 2558 2283 2622 Functorum
2365 2553 2651 2642 populus
2735 2558 2899 2622 liber
2973 2583 3021 2623 a.

1960 2666 2229 2750 iynibus.

2002 2771 2191 2837 cath.
2240 2771 2325 2836 X.
2375 2772 2488 2836 43:
2604 2787 2609 2792 “

1867 2880 2189 2947 Volucres
2234 2882 2570 2961 rapientur
2614 2881 2685 2943 in
2736 2902 2967 2944 auras,

2004 2987 2193 3052 Gath.
2244 2986 2395 3053 VH.
2447 2989 2567 3052 31:
2699 3029 2703 3036 ·

1870 3094 2003 3162 Sed
2066 3117 2226 3160 mox
2291 3097 2364 3161 in
2426 3117 2626 3161 auras
2684 3093 2901 3180 igneis
2963 3096 3023 3160 11

1958 3203 2221 3290 galibus

1873 3311 2222 3395 Curruque
2266 3315 2491 3390 raptus
2536 3307 2823 3375 evolavit
2868 3331 3043 3394 prae

1962 3424 2129 3504 pete.
2448 3459 2454 3466 -

2007 3525 2233 3590 Perist.
2284 3523 2404 3589 XI.
2456 3524 2573 3589 65:

1874 3633 2055 3699 Huic
2084 3631 2352 3697 abscide
2384 3636 2599 3716 caput,
2637 3653 2806 3696 crux
2836 3631 3032 3696 istun

1964 3741 2135 3807 tollat
2179 3742 2251 3804 in
2295 3743 2527 3806 auras!

2009 3846 2198 3911 Cath.
2253 3845 2398 3912 VII.
2449 3846 2553 3926 56,
2604 3846 2725 3911 58:

1876 3958 2022 4023 Non
2053 3956 2308 4021 usitatis
2338 3958 2520 4018 ortus
2550 3952 2661 4017 hic
2706 3952 3023 4020 natalibu

1878 4063 2101 4130 Oblita
2146 4061 2333 4127 lactis
2376 4060 2512 4124 iam
2558 4058 2729 4126 vieto
2784 4062 2858 4126 in
2904 4084 3031 4148 pec

1961 4176 2103 4235 tore
