3099 5409
1125 509 1230 515 ,η
1325 471 1404 534 11
1499 507 1603 514 ,-

326 666 570 752 Apoth.
621 668 778 732 902:

569 772 724 857 Ipsa
751 770 1040 856 *quidem
1089 771 1342 836 sincera
1387 770 1535 849 fuit,
1583 769 1745 834 dum
1795 767 2103 836 conditur
2150 769 2334 847 olim,

573 878 764 958 Quae
810 878 1074 944 conlata
1123 880 1344 944 rude-m
1393 876 1548 942 feeit
1593 877 1907 942 viviscere
1952 878 2192 941 limum.

135 1089 144 1096 ·
322 1001 759 1070 Prudentium
815 1021 972 1068 vero
1031 1001 1306 1068 omnino
1357 999 1777 1066 recordatum
1841 1019 1981 1065 esse
2025 998 2286 1064 Horatii
2341 1015 2589 1076 versae,

156 1109 567 1174 demonstrat
610 1109 720 1174 hic
764 1109 976 1175 locus:
1027 1103 1227 1174 Ham.
1281 1109 1436 1173 280:
2008 1127 2014 1134 ·

175 1227 182 1236 ’
467 1233 690 1311 Quid?
720 1231 898 1319 quod
933 1239 998 1298 et
1026 1233 1166 1318 ipse
1203 1239 1405 1319 caput
1433 1231 1775 1297 muliebris
1808 1231 2094 1318 eorporis
2125 1237 2191 1296 et
2220 1251 2353 1310 rex,

469 1339 600 1417 Qui
647 1339 814 1425 regit
857 1339 1222 1404 invalidam
1257 1342 1535 1422 propria
1583 1341 1660 1405 de
1704 1359 1895 1404 carne
1936 1319 2235 1403 resectam

465 1448 878 1525 Particulam‚
927 1447 1045 1532 qui
1089 1467 1206 1512 vas
1251 1453 1557 1511 tenerum
1604 1444 1853 1510 ditione
1896 1443 2245 1530 gubernat,

463 1551 757 1618 Solvitur
799 1552 870 1617 in
916 1553 1183 1618 luxum:
1234 1591 1322 1598 —
1366 1591 1454 1598 —
1501 1589 1588 1598 --

319 1675 448 1742 Sed
503 1677 576 1741 in
631 1675 774 1741 1000
821 1675 1082 1742 Horatii
1144 1675 1423 1741 offendit
1477 1675 1689 1742 Iulius
1750 1673 2064 1760 Scaliger,
2132 1691 2285 1738 cum
2353 1670 2601 1740 diceret

141 1782 612 1847 Prometheum
659 1783 786 1846 hoc
832 1803 970 1847 non
1017 1790 1319 1848 coactum
1357 1781 1605 1846 fecisse.
1687 1779 2026 1846 Bentleius
2074 1776 2417 1862 concedit,¹
2447 1802 2595 1848 con·
2632 1827 2639 1838 ι

141 1888 314 1953 sulto
367 1889 710 1988 hominem
767 1889 1087 1955 formasse
1143 1888 1272 1954 dici
1319 1887 1790 1954 Prometheum
1806 1941 1819 1966 ,
1885 1908 2024 1952 non
2078 1886 2347 1954 alterius
2403 1889 2591 1953 iussu

139 2005 202 2060 et
231 1995 544 2081 imperio;
591 1997 1032 2062 mutationem
1079 1998 1334 2101 probat,
1384 1996 1440 2062 si
1475 1995 1627 2080 quis
1658 2015 1693 2059 a
1730 1991 2042 2079 Scaligeri
2084 1991 2388 2077 partibus
2434 1999 2590 2059 stet:

609 2095 616 2108 ¹
698 2118 934 2186 Fertur
979 2117 1414 2212 Prometheus
1459 2118 1701 2184 addere
1745 2118 2028 2204 principi

703 2227 896 2293 Limo
943 2233 1240 2292 coactam
1285 2226 1679 2312 particulam
1727 2222 2058 2310 undique;

698 2332 1053 2399 Desectam
1100 2341 1165 2398 et
1207 2333 1430 2398 insani
1473 2327 1683 2396 leonis
1766 2399 1773 2420 ,

705 2439 865 2504 Vim
893 2439 1256 2504 stomacho
1303 2438 1690 2524 adposuisse
1736 2445 1980 2504 nostro.

317 2551 450 2628 Sed
493 2562 682 2628 nulla
729 2569 828 2628 est
872 2563 1057 2642 rati0,
1109 2563 1164 2627 si
1209 2562 1277 2627 id
1325 2561 1505 2646 quod
1532 2560 1797 2648 'recedit
1842 2582 1882 2624 a
1938 2561 2347 2646 reliquorum
2398 2559 2591 2648 scr‘ip-

132 2677 356 2736 torum
423 2668 699 2748 fabulis,
763 2670 836 2735 in
901 2669 1163 2735 Horatii
1225 2668 1635 2735 carminibus
1697 2674 2075 2733 mutamus·
2163 2667 2395 2753 Neque
2461 2668 2593 2736 dici

121 2763 352 2863 -potest
397 2777 699 2846 desecare
739 2778 877 2843 vim
918 2776 1142 2856 leonis,
1193 2783 1270 2841 ut
1313 2798 1439 2855 res,
1485 2780 1673 2861 quae¹
1695 2774 1969 2839 omnino
2022 2775 2246 2839 sensui
2295 2774 2592 2841 subiecta

130 2906 272 2949 non
305 2890 424 2963 est,
478 2884 924 2969 coniungatur
954 2905 1108 2949 cum
1154 2882 1373 2963 verbo,
1422 2882 1606 2967 quod
1657 2902 1803 2949 eam
1856 2881 2192 2967 praedicat
2239 2882 2587 2961 actionem,

129 3010 306 3075 quae
369 2992 510 3057 fieri
569 3012 710 3057 non
762 2996 979 3076 potest
1039 2990 1171 3055 nisi
1227 2990 1300 3055 111
1362 2989 1561 3055 rebus
1608 2989 1756 3054 visu
1815 2994 2131 3072 tactuque
2190 2988 2587 3067 manifestis;

128 3103 365 3162 contra
412 3098 659 3184 optime
707 3096 840 3163 dici
883 3104 1101 3183 potest
1145 3097 1446 3163 desecare
1490 3094 1884 3181 particulam
1951 3092 2232 3159 alicuius
2286 3094 2395 3159 rei.
2490 3094 2591 3160 Ac

121 3204 412 3269 minime
455 3203 880 3293 participium
935 3210 1277 3269 «coactus»
1329 3203 1424 3267 ita
1469 3200 1941 3287 explicandum
1989 3208 2104 3280 est,
2163 3208 2240 3266 ut
2276 3201 2363 3265 sit
2404 3201 2584 3266 idem

121 3318 334 3395 atque
380 3311 569 3375 iussu
613 3310 721 3375 vel
756 3310 1031 3396 imperio
1078 3310 1346 3375 alterius
1378 3308 1795 3393 cuiusquam,
1847 3306 1963 3372 sed
2010 3308 2105 3371 ita
2139 3306 2583 3393 intellegenda

119 3425 291 3503 puto
338 3416 599 3481 Horatii
653 3417 882 3481 verba:
941 3416 1124 3502 quod
1182 3414 1491 3501 effingere
1537 3415 1803 3481 volebat
1863 3414 2235 3492 hominem,
2309 3422 2578 3480 coactus

120 3531 266 3589 erat
311 3522 746 3591 Prometheus
803 3545 886 3589 ex
945 3524 1090 3588 aliis
1151 3522 1555 3589 animalibus
1616 3521 1919 3587 desecare
1984 3519 2283 3605 singulas
2338 3528 2578 3606 parteS,

121 3651 284 3695 cum
317 3629 629 3694 omnibus
675 3629 803 3695 illis
836 3631 1026 3695 factis
1056 3630 1258 3695 limus
1290 3630 1350 3693 ei
1379 3628 1636 3693 deesset
1665 3626 1751 3691 ad
1782 3627 2130 3693 hominem
2162 3627 2577 3713 fingendum.

119 3737 364 3819 Itaque
408 3736 514 3801 vel
559 3737 803 3801 omisso
842 3736 1186 3801 Prudentii
1230 3735 1392 3814 1000,
1441 3735 1559 3819 qui
1604 3734 1854 3799 summi
1898 3735 2232 3799 momenti
2276 3742 2391 3813 est,
2442 3756 2581 3799 11011

121 3841 568 3907 dubitaverim
603 3840 914 3927 Scaliger-i
960 3842 1401 3907 mutationem
1449 3842 1713 3919 reicere;
1766 3862 1983 3927 neque
2026 3862 2261 3927 operae
2289 3841 2578 3926 pretium

119 3956 222 4013 est
267 3946 558 4013 refutare
605 3948 1003 4013 sententiam
1036 3946 1462 4032 Peerlcampi,
1512 3949 1631 4032 qui
1676 3969 1845 4033 quae
1889 3949 2115 4013 cinon
2149 3948 2577 4027 conveniunt,

115 4077 242 4143 pro
295 4055 707 4140 interpolatis
754 4054 999 4121 vendit.

536 4286 899 4351 HORATIUS.
1775 4286 2212 4351 PRUDEN'ran.

265 4390 384 4477 [R]
435 4413 488 4457 0.
539 4393 656 4459 IV.
713 4396 810 4457 15.
872 4395 973 4457 15:
1539 4391 1783 4476 Apoth.
1834 4394 1995 4457 425:

113 4501 248 4565 Per
315 4519 484 4582 quas
541 4499 858 4564 Latinum
923 4520 1170 4565 nomen
1237 4506 1301 4563 et
1407 4497 1644 4561 Audiit
1666 4497 2029 4563 adventum
2054 4498 2343 4577 Domini,
2371 4519 2572 4583 quem

210 4604 425 4671 Italae
1498 4604 1652 4668 solis
1701 4604 1932 4669 Hiberi
