3099 5409
1393 429 1613 452 ·-·-
1703 405 1983 494 206*

702 600 939 672 Falsus
985 625 1125 671 esse
1170 602 1336 670 mihi
1381 603 1645 672 videtur
1688 602 2149 688 KiesslingiuS,
2208 598 2325 686 qui
2368 596 2645 666 adnotat
2692 591 2782 664 ad
2833 595 2984 664 Ho-

526 713 675 778 ratii
719 713 940 778 locum
987 734 1108 777 nos
1155 733 1238 778 ex
1268 711 1484 778 verbis
1523 731 1738 776 «anno
1767 709 2120 776 redeunte»
2159 708 2459 794 colligere
2488 728 2698 794 posse,
2750 727 2989 770 unum
3015 693 3023 754 ,³

432 803 444 887 ’.
529 841 785 886 annum
852 826 999 884 tum
1052 819 1458 904 praeteriisse
1513 839 1596 883 ex
1638 817 1752 882 illo
1798 817 1930 896 die,
1980 838 2114 902 quo
2158 815 2528 902 periculum
2572 820 2809 901 poetae
2858 813 2990 877 im-

529 926 859 991 minuerit.
953 925 1124 990 Nam
1184 932 1304 990 suo
1358 925 1500 990 iure
1558 923 1733 989 dicat
1786 925 2117 1018 quispiam
2181 929 2257 989 ut
2302 944 2547 1002 unum,
2605 923 2699 986 ita
2744 920 2988 1006 plures

419 1099 424 1104 ,
529 1053 741 1098 annos
803 1032 1096 1117 intellegi
1157 1052 1348 1118 posse
1411 1030 1674 1096 Horatii
1732 1030 1948 1096 verbis
2016 1051 2229 1096 «anno
2293 1029 2611 1096 redeunte
2622 1049 2681 1094 »z
2750 1047 2989 1111 neque

532 1137 968 1214 demonstrari
1009 1144 1226 1224 potest
1279 1136 1719 1208 Prudentium
1784 1158 1999 1208 unum
2054 1158 2309 1202 annum
2362 1135 2793 1214 intellexisse,
2862 1133 2991 1217 qui

532 1228 712 1332 quod
774 1267 912 1312 non
968 1251 1222 1314 certum
1273 1244 1614 1330 quendam
1658 1243 2021 1310 terminum
2065 1244 2343 1330 respicit,
2371 1293 2374 1302 Α
2403 1243 2643 1330 plurali
2688 1263 2988 1307 numero

466 1377 470 1380 ·
531 1334 631 1421 uti
661 1353 950 1419 'omnino
997 1351 1246 1418 debuit.
1894 1361 1903 1370 '

670 1599 784 1688 [R]
836 1609 888 1666 e.
938 1601 987 1666 1.
1037 1581 1097 1666 4‘.
1153 1603 1260 1687 ‚162
1942 1602 2013 1666 c.
2064 1601 2125 1668 s,
2176 1603 2225 1668 I.
2281 1604 2439 1668 191:

531 1673 677 1773 lam
737 1712 800 1774 te
844 1714 1098 1794 premet
1143 1730 1290 1788 nox,
1319 1711 1699 1800 fabulaeque
1808 1709 1897 1774 Et
1960 1715 2058 1774 tot
2123 1709 2373 1795 templa
2434 1707 2636 1774 deum
2696 1707 2979 1785 Romae,

625 1815 874 1896 Manes,
1203 1809 1207 1813 ’
1898 1822 2062 1900 quot
2107 1815 2194 1880 in·
2224 1817 2381 1889 orbe
2426 1816 2727 1902 sepulcra

535 1921 623 1986 Et
669 1921 908 1992 domus
953 1921 1139 1986 exilis
1186 1921 1516 1990 Plutonia.
1810 1923 2111 1990 Heroum
2157 1944 2506 1993 numerare
2549 1923 2730 2002 licet,
2798 1943 2977 2006 quos

1788 2111 1794 2126 s
1894 2031 2120 2114 fabula
2163 2053 2381 2097 manes

1810 2137 1982 2203 Nobi
1990 2137 2151 2218 litat,
2200 2143 2423 2202 noster
2452 2137 2737 2223 populus
2785 2158 2977 2204 vene-

1900 2250 2083 2309 ratus
2131 2243 2377 2309 adorat.

690 2368 992 2454 ·Magna,
1024 2367 1104 2434 lis
1167 2376 1392 2434 exorta
1457 2375 1581 2448 est,
1654 2367 1990 2454 quomodo
2060 2367 2581 2453 intellegendum
2650 2367 2737 2432 sit
2795 2365 2977 2453 apud

540 2476 898 2540 Horatium
944 2475 1222 2542 verbum
1277 2474 1641 2541 «fabulae».
1738 2476 1935 2542 Multi
1980 2475 2193 2540 multa
2240 2475 2677 2555 coniecerunt,
2728 2473 2848 2540 sed
2896 2495 2977 2538 ne

541 2583 781 2668 longus
844 2582 989 2662 sim,
1052 2584 1278 2648 statim
1344 2604 1492 2650 eam
1538 2584 1867 2670 proferam
1914 2583 2436 2669 explicationem,
2508 2602 2713 2668 quam
2778 2580 2974 2646 unice

544 2711 768 2758 veram
800 2711 939 2755 esse
969 2689 1138 2755 mihi
1173 2691 1498 2777 persuasit
1528 2691 1822 2778 optimus
1866 2690 2193 2776 professor
2238 2694 2460 2755 noster
2501 2689 2574 2754 F.
2613 2685 2975 2754 Schoellius

544 2797 616 2861 in
671 2795 910 2861 scholis
966 2796 1377 2876 HoratianiS,
1449 2818 1532 2862 ex
1588 2818 1723 2884 qua
1776 2819 1908 2864 vox
1968 2796 2305 2861 «fabulae»
2356 2794 2671 2860 habenda
2726 2800 2824 2859 est
2870 2814 2979 2880 pro

545 2903 957 2970 nominativo
1019 2902 1291 2989 pluralis
1351 2904 1614 2968 numeri
1680 2910 1743 2969 et
1806 2925 1883 2969 ea
1934 2903 2203 2968 notione
2249 2900 2677 2987 adiungenda
2722 2901 2974 2965 nomini

554 3010 885 3089 «Manes»,
944 3030 1080 3093 qua
1126 3010 1324 3075 etiam
1370 3008 1577 3075 Persii
1621 3009 2098 3095 Prudentiique
2144 3009 2272 3075 loci
2315 3007 2740 3093 intellegendi
2804 3014 2972 3072 sunt.

545 3118 779 3200 Itaque
835 3116 1098 3182 fabulae
1144 3117 1376 3181 Manes
1425 3124 1585 3182 sunt
1628 3137 1879 3196 manes,
1946 3116 2063 3201 qui
2107 3116 2481 3202 pertineant
2532 3115 2619 3180 ad
2664 3114 2973 3189 fabulam,

548 3244 835 3307 quorum
865 3222 1140 3288 nomina
1170 3223 1526 3288 memoriae
1572 3230 1771 3310 atque
1816 3223 2124 3288 historiae
2166 3225 2304 3289 iam
2350 3222 2574 3287 traditi
2620 3221 2769 3301 sint,
2817 3235 2976 3307 quos

549 3350 670 3395 nos
718 3327 1000 3393 dicimus
1053 3330 1440 3395 «beriihmte
1472 3330 1852 3395 Schatten›.
1922 3329 2143 3407 Quam
2182 3324 2686 3415 explicationem
2731 3328 2973 3414 primus

550 3424 991 3520 Buechelerus
1053 3438 1124 3501 in
1185 3436 1404 3501 indice
1447 3437 1808 3502 lectionum
1855 3436 2314 3501 Bonnensium
2369 3437 2535 3500 1878
2544 3442 2562 3517 j
2572 3437 2653 3501 79
2700 3456 2843 3520 pag.
2907 3436 2972 3499 15

553 3541 947 3628 significavit
991 3542 1221 3629 magiS,
1272 3564 1476 3627 quam
1522 3543 1858 3622 indicavit,
1910 3564 2065 3609 cum
2110 3542 2450 3626 scriberet:
2506 3541 2781 3607 «certius
2826 3542 2970 3613 scio,

552 3648 734 3735 quod
796 3649 892 3714 nil
943 3655 1198 3735 praeter
1241 3671 1489 3738 nomen
1535 3650 2026 3739 Sesti3posteris
2072 3648 2369 3731 tradidit,
2437 3647 2784 3715 commodo
2828 3670 2973 3713 eum

551 3753 936 3821 inlustrasse
969 3755 1269 3841 exemplo
1292 3757 1425 3823 vim
1451 3757 1755 3823 manium
1780 3757 2220 3823 fabularum».
2258 3756 2444 3833 Quae
2466 3755 2651 3821 verbi
2680 3754 2967 3819 «fabula»

553 3862 734 3928 notio
798 3862 1044 3947 optime
1106 3864 1415 3930 convenit
1473 3885 1630 3929 cum
1689 3865 1803 3930 illo
1849 3864 1991 3930 loco
2038 3863 2406 3945 Prudentii,
2473 3864 2635 3927 item
2682 3863 2971 3927 convenit

555 3989 711 4033 cum
755 3969 909 4035 hoc:

729 4093 974 4178 Apoth.
1029 4096 1230 4161 1018:

732 4216 967 4298 Omne,
1017 4219 1195 4301 quod
1242 4225 1340 4285 est
1384 4226 1667 4305 gestum,
1716 4227 1915 4287 notus
1962 4222 2218 4287 auferat
2261 4221 2518 4300 inritu3‚
2569 4240 2765 4287 aurae

731 4324 1130 4411 Dispergant
1172 4332 1424 4407 tenueS,
1473 4330 1560 4393 sit
1598 4330 1837 4411 fabula,
1885 4328 2067 4413 quod
2114 4349 2345 4393 sumus
2391 4347 2639 4392 omnes.

733 4448 882 4525 Quo
913 4448 1056 4515 loco
1103 4450 1368 4517 fabulae
1397 4452 1601 4518 verbo
1632 4451 1929 4519 adhibito
1976 4454 2139 4518 haec
2185 4458 2411 4517 nostra
2455 4452 2593 4518 vita
2636 4452 2968 4537 opponitur

555 4575 746 4622 verae
789 4555 886 4621 illi
932 4556 1211 4637 caelesti,
1262 4558 1443 4643 quod
1490 4560 1830 4625 christiani
1876 4560 2191 4645 consequi
2236 4558 2602 4624 studemus,
